DATE,TIME_M,EX,BID,BIDSIZ,ASK,ASKSIZ,QU_COND,QU_SEQNUM,NATBBO_IND,QU_CANCEL,QU_SOURCE,SYM_ROOT,SYM_SUFFIX
20190102,10:00:00.062308244,Z,155.18,2,155.21,2,R,4084110,2,,N,AAPL,
20190102,10:00:00.062406153,Z,155.18,1,155.21,2,R,4084111,0,,N,AAPL,
20190102,10:00:00.062524432,Q,155.17,5,155.21,9,R,4084114,2,,N,AAPL,
20190102,10:00:00.062525872,K,155.17,4,155.21,7,R,4084115,0,,N,AAPL,
20190102,10:00:00.062557050,Q,155.17,5,155.21,10,R,4084117,2,,N,AAPL,
20190102,10:00:00.062559566,Q,155.17,5,155.21,11,R,4084118,2,,N,AAPL,
20190102,10:00:00.062604592,X,155.17,2,155.21,6,R,4084119,0,,N,AAPL,
20190102,10:00:00.062626254,Z,155.18,1,155.21,4,R,4084120,0,,N,AAPL,
20190102,10:00:00.062833615,Z,155.17,3,155.21,4,R,4084122,0,,N,AAPL,
20190102,10:00:00.062893085,C,146.88,1,155.21,1,R,4084123,0,,N,AAPL,
20190102,10:00:00.062938238,Y,155.15,1,155.23,1,R,4084124,0,,N,AAPL,
20190102,10:00:00.063023241,P,155.17,5,155.21,4,R,4084126,0,,N,AAPL,
20190102,10:00:00.063033293,V,155.14,2,155.21,1,R,4084127,0,,N,AAPL,
20190102,10:00:00.064227884,C,146.88,1,162.67,1,R,4084263,0,,N,AAPL,
20190102,10:00:00.064237846,C,146.88,1,155.22,1,R,4084265,0,,N,AAPL,
20190102,10:00:00.064417332,V,155.14,2,155.22,1,R,4084291,0,,N,AAPL,
20190102,10:00:00.077565103,Q,155.17,5,155.21,12,R,4084409,2,,N,AAPL,
20190102,10:00:00.077639186,Z,155.17,3,155.21,5,R,4084410,0,,N,AAPL,
20190102,10:00:00.077668433,K,155.17,4,155.21,8,R,4084411,0,,N,AAPL,
20190102,10:00:00.077955989,P,155.17,5,155.21,5,R,4084414,0,,N,AAPL,
20190102,10:00:00.077989586,N,155.18,2,155.21,1,R,4084415,0,,N,AAPL,
20190102,10:00:00.078103500,N,155.18,2,155.21,2,R,4084416,0,,N,AAPL,
20190102,10:00:00.078111584,N,155.18,2,155.21,6,R,4084417,0,,N,AAPL,
20190102,10:00:00.085834147,X,155.16,4,155.21,6,R,4084452,0,,N,AAPL,
20190102,10:00:00.098155110,V,155.14,2,155.21,1,R,4084563,0,,N,AAPL,
20190102,10:00:00.098839202,V,155.14,2,155.22,2,R,4084566,0,,N,AAPL,
20190102,10:00:00.098915067,P,155.17,2,155.21,5,R,4084567,0,,N,AAPL,
20190102,10:00:00.107917892,Q,155.17,1,155.21,12,R,4084629,0,,N,AAPL,
20190102,10:00:00.108144746,Z,155.17,1,155.21,5,R,4084631,0,,N,AAPL,
20190102,10:00:00.108176685,K,155.16,5,155.21,8,R,4084633,0,,N,AAPL,
20190102,10:00:00.108260427,Z,155.17,1,155.2,4,R,4084637,2,,N,AAPL,
20190102,10:00:00.108261584,Q,155.17,1,155.2,10,R,4084638,2,,N,AAPL,
20190102,10:00:00.108301052,Q,155.17,1,155.2,11,R,4084640,2,,N,AAPL,
20190102,10:00:00.108338408,Z,155.17,1,155.2,5,R,4084641,0,,N,AAPL,
20190102,10:00:00.108345870,Y,155.15,1,155.23,1,R,4084642,0,,N,AAPL,
20190102,10:00:00.108360475,B,155.15,2,155.34,1,R,4084643,0,,N,AAPL,
20190102,10:00:00.108393942,K,155.16,5,155.2,9,R,4084644,0,,N,AAPL,
20190102,10:00:00.108483009,Z,155.17,1,155.19,1,R,4084649,2,,N,AAPL,
20190102,10:00:00.108603421,Y,155.15,1,155.35,1,R,4084650,0,,N,AAPL,
20190102,10:00:00.108620656,J,155.15,1,155.4,1,R,4084651,0,,N,AAPL,
20190102,10:00:00.108682675,Q,155.17,1,155.2,12,R,4084652,0,,N,AAPL,
20190102,10:00:00.108692745,N,155.18,1,155.21,6,R,4084653,2,,N,AAPL,
20190102,10:00:00.108699041,N,155.17,1,155.21,6,R,4084654,2,,N,AAPL,
20190102,10:00:00.108778411,P,155.17,2,155.2,6,R,4084655,0,,N,AAPL,
20190102,10:00:00.108783816,K,155.16,5,155.2,10,R,4084656,0,,N,AAPL,
20190102,10:00:00.108798877,B,155.15,2,155.21,1,R,4084657,0,,N,AAPL,
20190102,10:00:00.108801343,X,155.16,4,155.21,7,R,4084658,0,,N,AAPL,
20190102,10:00:00.108825733,Z,155.16,4,155.19,1,R,4084659,0,,N,AAPL,
20190102,10:00:00.108854481,P,155.17,2,155.2,7,R,4084660,0,,N,AAPL,
20190102,10:00:00.108867487,X,155.16,4,155.2,7,R,4084661,0,,N,AAPL,
20190102,10:00:00.109000874,N,155.17,1,155.2,9,R,4084663,0,,N,AAPL,
20190102,10:00:00.109061762,Q,155.17,1,155.2,11,R,4084666,0,,N,AAPL,
20190102,10:00:00.109076278,P,155.17,1,155.2,7,R,4084667,2,,N,AAPL,
20190102,10:00:00.109121421,P,155.17,1,155.2,8,R,4084668,0,,N,AAPL,
20190102,10:00:00.109122094,K,155.16,5,155.2,9,R,4084669,0,,N,AAPL,
20190102,10:00:00.109141543,N,155.17,1,155.2,10,R,4084672,0,,N,AAPL,
20190102,10:00:00.109176634,Z,155.16,4,155.19,3,R,4084674,2,,N,AAPL,
20190102,10:00:00.109180575,N,155.17,1,155.2,11,R,4084675,0,,N,AAPL,
20190102,10:00:00.109252580,Q,155.16,7,155.2,11,R,4084677,2,,N,AAPL,
20190102,10:00:00.109286635,P,155.16,5,155.2,8,R,4084679,2,,N,AAPL,
20190102,10:00:00.109298643,Q,155.16,7,155.19,9,R,4084680,2,,N,AAPL,
20190102,10:00:00.109301241,Q,155.16,6,155.19,9,R,4084681,0,,N,AAPL,
20190102,10:00:00.109316531,X,155.15,2,155.2,7,R,4084684,0,,N,AAPL,
20190102,10:00:00.109340277,N,155.16,5,155.2,11,R,4084686,2,,N,AAPL,
20190102,10:00:00.109340632,X,155.15,5,155.2,7,R,4084687,0,,N,AAPL,
20190102,10:00:00.109365549,Q,155.16,6,155.19,10,R,4084691,4,,N,AAPL,
20190102,10:00:00.109410490,P,155.16,5,155.19,1,R,4084695,0,,N,AAPL,
20190102,10:00:00.109489091,P,155.16,5,155.19,2,R,4084700,0,,N,AAPL,
20190102,10:00:00.109499570,P,155.16,5,155.19,3,R,4084702,0,,N,AAPL,
20190102,10:00:00.109534715,N,155.16,5,155.2,10,R,4084704,0,,N,AAPL,
20190102,10:00:00.109559802,Z,155.16,3,155.19,3,R,4084705,0,,N,AAPL,
20190102,10:00:00.109576892,Q,155.16,6,155.19,11,R,4084706,4,,N,AAPL,
20190102,10:00:00.109596273,Y,155.15,1,155.21,1,R,4084707,0,,N,AAPL,
20190102,10:00:00.109608029,Z,155.16,3,155.19,4,R,4084710,0,,N,AAPL,
20190102,10:00:00.109610798,J,155.15,1,155.21,1,R,4084711,0,,N,AAPL,
20190102,10:00:00.109611155,P,155.16,5,155.19,6,R,4084712,0,,N,AAPL,
20190102,10:00:00.109627458,K,155.16,5,155.19,1,R,4084715,0,,N,AAPL,
20190102,10:00:00.109628992,Q,155.16,1,155.19,11,R,4084716,2,,N,AAPL,
20190102,10:00:00.109681723,K,155.16,5,155.19,2,R,4084722,0,,N,AAPL,
20190102,10:00:00.109726498,N,155.16,5,155.19,9,R,4084725,2,,N,AAPL,
20190102,10:00:00.109776115,K,155.16,5,155.19,5,R,4084728,0,,N,AAPL,
20190102,10:00:00.109800392,P,155.16,5,155.19,3,R,4084729,0,,N,AAPL,
20190102,10:00:00.109838101,C,146.88,1,155.19,1,R,4084731,0,,N,AAPL,
20190102,10:00:00.109860491,C,146.88,1,162.67,1,R,4084732,0,,N,AAPL,
20190102,10:00:00.109868657,C,146.88,1,155.2,1,R,4084733,0,,N,AAPL,
20190102,10:00:00.109966867,P,155.16,5,155.19,4,R,4084740,2,,N,AAPL,
20190102,10:00:00.110015386,N,155.16,5,155.19,10,R,4084743,2,,N,AAPL,
20190102,10:00:00.110141713,N,155.16,5,155.19,11,R,4084749,0,,N,AAPL,
20190102,10:00:00.110206915,P,155.16,5,155.19,6,R,4084751,0,,N,AAPL,
20190102,10:00:00.110234562,V,155.14,2,155.19,1,R,4084752,0,,N,AAPL,
20190102,10:00:00.110253319,V,155.14,2,155.22,1,R,4084753,0,,N,AAPL,
20190102,10:00:00.110690969,N,155.16,5,155.19,10,R,4084763,0,,N,AAPL,
20190102,10:00:00.111047998,V,155.14,2,155.2,1,R,4084768,0,,N,AAPL,
20190102,10:00:00.113217409,P,155.16,5,155.19,6,R,4084778,0,,N,AAPL,
20190102,10:00:00.117564524,C,146.88,1,162.67,1,R,4084825,0,,N,AAPL,
20190102,10:00:00.117655422,P,155.16,5,155.19,4,R,4084826,0,,N,AAPL,
20190102,10:00:00.117672001,Q,155.16,1,155.19,2,R,4084827,2,,N,AAPL,
20190102,10:00:00.117676662,K,155.16,5,155.19,2,R,4084828,0,,N,AAPL,
20190102,10:00:00.117686586,X,155.16,6,155.2,7,R,4084829,2,,N,AAPL,
20190102,10:00:00.117700854,N,155.16,5,155.19,1,R,4084830,2,,N,AAPL,
20190102,10:00:00.117727687,Q,155.16,5,155.19,2,R,4084832,0,,N,AAPL,
20190102,10:00:00.117918806,V,155.14,2,155.22,1,R,4084833,0,,N,AAPL,
20190102,10:00:00.117995094,Z,155.16,3,155.19,3,R,4084834,2,,N,AAPL,
20190102,10:00:00.118003019,Z,155.16,3,155.19,1,R,4084835,0,,N,AAPL,
20190102,10:00:00.118008027,Q,155.16,5,155.19,1,R,4084836,0,,N,AAPL,
20190102,10:00:00.118117918,K,155.16,5,155.19,1,R,4084837,0,,N,AAPL,
20190102,10:00:00.118322459,P,155.16,5,155.19,4,R,4084839,0,,N,AAPL,
20190102,10:00:00.118433488,P,155.16,5,155.19,3,R,4084843,2,,N,AAPL,
20190102,10:00:00.124017415,P,155.16,5,155.19,3,R,4084857,0,,N,AAPL,
20190102,10:00:00.139402866,P,155.16,5,155.19,2,R,4084946,2,,N,AAPL,
20190102,10:00:00.161938451,V,155.16,1,155.22,1,R,4085068,0,,N,AAPL,
20190102,10:00:00.161956301,V,155.16,2,155.22,1,R,4085071,0,,N,AAPL,
20190102,10:00:00.165776690,V,155.16,1,155.22,1,R,4085091,0,,N,AAPL,
20190102,10:00:00.165814652,V,155.15,2,155.22,1,R,4085093,0,,N,AAPL,
20190102,10:00:00.166121557,X,155.15,5,155.2,7,R,4085102,2,,N,AAPL,
20190102,10:00:00.166161278,Q,155.16,1,155.19,1,R,4085103,0,,N,AAPL,
20190102,10:00:00.166748544,P,155.16,5,155.19,2,R,4085134,0,,N,AAPL,
20190102,10:00:00.180774314,Z,155.16,3,155.19,2,R,4085205,0,,N,AAPL,
20190102,10:00:00.180861689,Z,155.16,1,155.19,2,R,4085206,0,,N,AAPL,
20190102,10:00:00.180871787,K,155.15,5,155.19,1,R,4085207,2,,N,AAPL,
20190102,10:00:00.180957593,Z,155.16,1,155.19,4,R,4085208,2,,N,AAPL,
20190102,10:00:00.180968690,Q,155.16,1,155.19,7,R,4085210,2,,N,AAPL,
20190102,10:00:00.180972443,K,155.15,5,155.19,5,R,4085211,0,,N,AAPL,
20190102,10:00:00.181168853,P,155.16,2,155.19,2,R,4085214,0,,N,AAPL,
20190102,10:00:00.181217717,N,155.16,1,155.19,1,R,4085215,2,,N,AAPL,
20190102,10:00:00.181281907,Z,155.16,1,155.18,1,R,4085216,2,,N,AAPL,
20190102,10:00:00.181289325,Z,155.15,4,155.18,1,R,4085217,0,,N,AAPL,
20190102,10:00:00.181363104,Z,155.15,4,155.18,2,R,4085218,2,,N,AAPL,
20190102,10:00:00.181398105,N,155.16,1,155.19,5,R,4085219,0,,N,AAPL,
20190102,10:00:00.181507413,N,155.16,1,155.19,6,R,4085222,0,,N,AAPL,
20190102,10:00:00.181650781,V,155.15,1,155.22,1,R,4085223,0,,N,AAPL,
20190102,10:00:00.181676710,P,155.16,2,155.19,4,R,4085224,0,,N,AAPL,
20190102,10:00:00.181741461,P,155.16,1,155.19,4,R,4085225,2,,N,AAPL,
20190102,10:00:00.181862386,V,155.14,2,155.22,1,R,4085226,0,,N,AAPL,
20190102,10:00:00.181910675,Q,155.16,1,155.18,1,R,4085227,2,,N,AAPL,
20190102,10:00:00.181938381,Z,155.15,4,155.18,3,R,4085228,2,,N,AAPL,
20190102,10:00:00.181941381,Q,155.16,1,155.18,2,R,4085229,0,,N,AAPL,
20190102,10:00:00.181964568,K,155.15,5,155.18,1,R,4085230,0,,N,AAPL,
20190102,10:00:00.182308634,P,155.16,1,155.18,1,R,4085231,0,,N,AAPL,
20190102,10:00:00.182345774,N,155.16,1,155.18,1,R,4085232,2,,N,AAPL,
20190102,10:00:00.182385609,P,155.16,1,155.18,2,R,4085233,0,,N,AAPL,
20190102,10:00:00.182396392,P,155.16,1,155.18,3,R,4085234,0,,N,AAPL,
20190102,10:00:00.185028090,N,155.16,1,155.19,4,R,4085240,0,,N,AAPL,
20190102,10:00:00.185214172,P,155.16,1,155.18,2,R,4085242,0,,N,AAPL,
20190102,10:00:00.185372680,Q,155.16,1,155.18,1,R,4085243,0,,N,AAPL,
20190102,10:00:00.185397628,Q,155.16,1,155.19,6,R,4085244,2,,N,AAPL,
20190102,10:00:00.185434291,Z,155.15,4,155.18,2,R,4085245,2,,N,AAPL,
20190102,10:00:00.185448987,K,155.15,5,155.19,4,R,4085246,0,,N,AAPL,
20190102,10:00:00.185539911,Z,155.15,4,155.18,1,R,4085248,2,,N,AAPL,
20190102,10:00:00.185706721,Z,155.15,4,155.19,3,R,4085249,0,,N,AAPL,
20190102,10:00:00.185782354,Z,155.16,1,155.19,3,R,4085250,0,,N,AAPL,
20190102,10:00:00.185831593,P,155.16,1,155.18,1,R,4085251,4,,N,AAPL,
20190102,10:00:00.185856125,Z,155.16,2,155.19,3,R,4085252,2,,N,AAPL,
20190102,10:00:00.185868671,Z,155.16,6,155.19,3,R,4085253,2,,N,AAPL,
20190102,10:00:00.185938792,Z,155.16,5,155.19,3,R,4085254,2,,N,AAPL,
20190102,10:00:00.185982012,K,155.16,8,155.19,4,R,4085255,2,,N,AAPL,
20190102,10:00:00.186082378,P,155.16,2,155.18,1,R,4085256,0,,N,AAPL,
20190102,10:00:00.186234823,P,155.16,5,155.18,1,R,4085257,0,,N,AAPL,
20190102,10:00:00.186291506,N,155.16,5,155.19,4,R,4085258,0,,N,AAPL,
20190102,10:00:00.188332842,K,155.16,1,155.19,4,R,4085265,2,,N,AAPL,
20190102,10:00:00.188396563,Z,155.16,4,155.19,3,R,4085266,2,,N,AAPL,
20190102,10:00:00.188445581,Z,155.16,4,155.18,1,R,4085268,0,,N,AAPL,
20190102,10:00:00.188489075,Z,155.15,4,155.18,1,R,4085269,0,,N,AAPL,
20190102,10:00:00.188495161,Z,155.15,2,155.18,1,R,4085270,0,,N,AAPL,
20190102,10:00:00.188502674,K,155.15,5,155.19,4,R,4085271,0,,N,AAPL,
20190102,10:00:00.188513393,K,155.15,1,155.19,4,R,4085273,0,,N,AAPL,
20190102,10:00:00.188536972,Z,155.15,2,155.18,6,R,4085274,2,,N,AAPL,
20190102,10:00:00.188542500,Z,155.15,2,155.18,5,R,4085275,2,,N,AAPL,
20190102,10:00:00.188569531,Z,155.15,3,155.18,5,R,4085276,0,,N,AAPL,
20190102,10:00:00.188701303,P,155.16,4,155.18,1,R,4085281,2,,N,AAPL,
20190102,10:00:00.188811064,P,155.16,3,155.18,1,R,4085283,0,,N,AAPL,
20190102,10:00:00.188868028,N,155.16,5,155.19,5,R,4085284,0,,N,AAPL,
20190102,10:00:00.189047742,P,155.15,4,155.18,1,R,4085287,0,,N,AAPL,
20190102,10:00:00.189078076,N,155.16,1,155.19,5,R,4085288,2,,N,AAPL,
20190102,10:00:00.206130681,Z,155.15,3,155.18,3,R,4085431,2,,N,AAPL,
20190102,10:00:00.206212504,Z,155.16,1,155.18,3,R,4085434,0,,N,AAPL,
20190102,10:00:00.206320687,Z,155.16,1,155.19,3,R,4085439,2,,N,AAPL,
20190102,10:00:00.206471890,P,155.15,4,155.19,4,R,4085442,2,,N,AAPL,
20190102,10:00:00.206515535,P,155.16,1,155.19,4,R,4085443,0,,N,AAPL,
20190102,10:00:00.206533761,P,155.16,2,155.19,4,R,4085444,2,,N,AAPL,
20190102,10:00:00.206546930,P,155.16,3,155.19,4,R,4085445,2,,N,AAPL,
20190102,10:00:00.206583108,P,155.16,4,155.19,4,R,4085446,2,,N,AAPL,
20190102,10:00:00.206593452,P,155.16,5,155.19,4,R,4085447,2,,N,AAPL,
20190102,10:00:00.206600428,Q,155.16,7,155.19,6,R,4085448,4,,N,AAPL,
20190102,10:00:00.206611721,P,155.16,4,155.19,4,R,4085449,0,,N,AAPL,
20190102,10:00:00.207197372,P,155.16,4,155.19,4,R,4085456,0,,N,AAPL,
20190102,10:00:00.207237211,P,155.16,4,155.19,4,R,4085457,0,,N,AAPL,
20190102,10:00:00.209038066,Q,155.16,1,155.19,6,R,4085468,2,,N,AAPL,
20190102,10:00:00.209041562,P,155.16,3,155.19,4,R,4085469,2,,N,AAPL,
20190102,10:00:00.209113397,P,155.16,3,155.19,4,R,4085470,0,,N,AAPL,
20190102,10:00:00.210693022,Q,155.15,7,155.19,6,R,4085478,0,,N,AAPL,
20190102,10:00:00.211146249,N,155.15,7,155.19,5,R,4085481,0,,N,AAPL,
20190102,10:00:00.211253908,N,155.15,7,155.19,6,R,4085483,0,,N,AAPL,
20190102,10:00:00.211275057,P,155.16,2,155.19,4,R,4085484,2,,N,AAPL,
20190102,10:00:00.212543254,P,155.16,3,155.19,4,R,4085500,2,,N,AAPL,
20190102,10:00:00.212653838,N,155.15,7,155.19,5,R,4085503,0,,N,AAPL,
20190102,10:00:00.213027031,P,155.16,2,155.19,4,R,4085506,2,,N,AAPL,
20190102,10:00:00.213088392,P,155.16,1,155.19,4,R,4085507,2,,N,AAPL,
20190102,10:00:00.213154702,P,155.16,2,155.19,4,R,4085509,2,,N,AAPL,
20190102,10:00:00.217930884,P,155.16,1,155.19,4,R,4085523,2,,N,AAPL,
20190102,10:00:00.220122786,P,155.16,2,155.19,4,R,4085530,2,,N,AAPL,
20190102,10:00:00.234688201,X,155.15,5,155.2,4,R,4085618,0,,N,AAPL,
20190102,10:00:00.236553118,P,155.16,1,155.19,4,R,4085624,2,,N,AAPL,
20190102,10:00:00.250199892,P,155.16,1,155.19,2,R,4085675,0,,N,AAPL,
20190102,10:00:00.250236558,N,155.15,7,155.19,1,R,4085676,0,,N,AAPL,
20190102,10:00:00.276672810,P,155.15,4,155.19,2,R,4085911,0,,N,AAPL,
20190102,10:00:00.277274177,V,155.14,2,155.19,1,R,4085931,0,,N,AAPL,
20190102,10:00:00.277373233,V,155.14,2,179.53,1,R,4085936,0,,N,AAPL,
20190102,10:00:00.278095926,V,155.14,2,155.2,1,R,4085952,0,,N,AAPL,
20190102,10:00:00.278669205,V,155.14,2,155.19,1,R,4085964,0,,N,AAPL,
20190102,10:00:00.284589969,V,155.14,2,155.2,1,R,4085989,0,,N,AAPL,
20190102,10:00:00.284613903,V,155.14,2,155.19,1,R,4085990,0,,N,AAPL,
20190102,10:00:00.288924846,Z,155.15,3,155.19,3,R,4086008,2,,N,AAPL,
20190102,10:00:00.288968067,C,146.88,1,155.19,1,R,4086009,0,,N,AAPL,
20190102,10:00:00.288978224,C,146.88,1,155.19,2,R,4086011,0,,N,AAPL,
20190102,10:00:00.289018562,V,155.14,2,155.19,2,R,4086015,0,,N,AAPL,
20190102,10:00:00.289028031,B,155.01,1,155.21,1,R,4086017,0,,N,AAPL,
20190102,10:00:00.289038372,Y,155.15,1,155.21,1,R,4086019,0,,N,AAPL,
20190102,10:00:00.289044250,Z,155.15,2,155.18,1,R,4086020,2,,N,AAPL,
20190102,10:00:00.289109423,X,155.15,2,155.2,4,R,4086021,0,,N,AAPL,
20190102,10:00:00.289115916,Z,155.15,1,155.18,1,R,4086022,0,,N,AAPL,
20190102,10:00:00.289127609,Z,155.15,1,155.18,2,R,4086023,2,,N,AAPL,
20190102,10:00:00.289129448,Y,155.15,1,155.21,1,R,4086024,0,,N,AAPL,
20190102,10:00:00.289134621,J,154.98,1,155.21,1,R,4086025,0,,N,AAPL,
20190102,10:00:00.289134983,Z,155.15,1,155.18,3,R,4086026,2,,N,AAPL,
20190102,10:00:00.289142198,Z,155.15,1,155.18,5,R,4086028,2,,N,AAPL,
20190102,10:00:00.289144182,X,155.14,4,155.2,4,R,4086029,0,,N,AAPL,
20190102,10:00:00.289166281,Q,155.15,7,155.18,4,R,4086030,2,,N,AAPL,
20190102,10:00:00.289236878,Q,155.15,2,155.18,4,R,4086031,0,,N,AAPL,
20190102,10:00:00.289244518,Y,155.05,1,155.21,1,R,4086032,0,,N,AAPL,
20190102,10:00:00.289262661,B,155.13,1,155.21,1,R,4086034,0,,N,AAPL,
20190102,10:00:00.289323677,P,155.15,4,155.19,5,R,4086036,0,,N,AAPL,
20190102,10:00:00.289389930,N,155.15,7,155.19,5,R,4086037,0,,N,AAPL,
20190102,10:00:00.289398693,Y,155.05,1,155.21,1,R,4086038,0,,N,AAPL,
20190102,10:00:00.289424600,K,155.15,1,155.19,4,R,4086039,0,,N,AAPL,
20190102,10:00:00.289482465,Z,155.15,1,155.18,5,R,4086040,0,,N,AAPL,
20190102,10:00:00.289494466,Z,155.14,2,155.18,5,R,4086041,0,,N,AAPL,
20190102,10:00:00.289536333,K,155.15,1,155.18,5,R,4086042,0,,N,AAPL,
20190102,10:00:00.289550571,Z,155.14,1,155.18,5,R,4086043,0,,N,AAPL,
20190102,10:00:00.289566062,Y,155.05,1,155.21,1,R,4086044,0,,N,AAPL,
20190102,10:00:00.289599947,N,155.15,7,155.19,6,R,4086045,0,,N,AAPL,
20190102,10:00:00.289621326,Y,155.12,1,155.21,1,R,4086046,0,,N,AAPL,
20190102,10:00:00.289628333,P,155.15,3,155.19,5,R,4086047,0,,N,AAPL,
20190102,10:00:00.289635911,J,155.12,1,155.21,1,R,4086048,0,,N,AAPL,
20190102,10:00:00.289639499,P,155.15,3,155.18,5,R,4086049,0,,N,AAPL,
20190102,10:00:00.289719300,N,155.15,1,155.19,6,R,4086051,2,,N,AAPL,
20190102,10:00:00.289721528,P,155.15,3,155.18,6,R,4086052,4,,N,AAPL,
20190102,10:00:00.289770869,P,155.15,1,155.18,6,R,4086053,2,,N,AAPL,
20190102,10:00:00.289820571,N,155.15,1,155.18,10,R,4086055,2,,N,AAPL,
20190102,10:00:00.290400633,V,155.14,2,155.18,1,R,4086058,0,,N,AAPL,
20190102,10:00:00.290884196,P,155.15,1,155.18,6,R,4086062,0,,N,AAPL,
20190102,10:00:00.302354808,V,155.14,2,155.19,2,R,4086144,0,,N,AAPL,
20190102,10:00:00.313456410,Y,155.12,1,155.21,1,R,4086639,0,,N,AAPL,
20190102,10:00:00.313573671,P,155.15,2,155.18,6,R,4086644,0,,N,AAPL,
20190102,10:00:00.313606358,P,155.15,1,155.18,6,R,4086646,0,,N,AAPL,
20190102,10:00:00.318858993,P,155.14,5,155.18,6,R,4086680,0,,N,AAPL,
20190102,10:00:00.319377798,Z,155.14,1,155.18,5,R,4086683,0,,N,AAPL,
20190102,10:00:00.319383388,Y,155.12,1,155.21,1,R,4086684,0,,N,AAPL,
20190102,10:00:00.319410563,K,155.15,1,155.18,5,R,4086685,0,,N,AAPL,
20190102,10:00:00.339907798,C,146.88,1,155.18,1,R,4086748,0,,N,AAPL,
20190102,10:00:00.340021555,C,146.88,1,155.19,1,R,4086749,0,,N,AAPL,
20190102,10:00:00.340031546,C,146.88,1,155.19,2,R,4086750,0,,N,AAPL,
20190102,10:00:00.340335074,V,155.14,2,155.18,1,R,4086751,0,,N,AAPL,
20190102,10:00:00.342087253,V,155.14,2,155.19,2,R,4086753,0,,N,AAPL,
20190102,10:00:00.365696396,V,155.14,2,155.18,1,R,4086812,0,,N,AAPL,
20190102,10:00:00.374640992,Q,155.14,6,155.18,4,R,4086923,2,,N,AAPL,
20190102,10:00:00.374817997,K,155.12,1,155.18,5,R,4086927,2,,N,AAPL,
20190102,10:00:00.374924595,Y,155.12,1,155.21,1,R,4086928,0,,N,AAPL,
20190102,10:00:00.374937068,K,155.12,1,155.18,5,R,4086929,0,,N,AAPL,
20190102,10:00:00.375186475,C,146.88,1,155.18,1,R,4086933,0,,N,AAPL,
20190102,10:00:00.375224268,N,155.14,6,155.18,10,R,4086934,2,,N,AAPL,
20190102,10:00:00.375389752,V,155.14,2,155.18,2,R,4086940,0,,N,AAPL,
20190102,10:00:00.376546410,X,155.13,1,155.2,4,R,4086976,0,,N,AAPL,
20190102,10:00:00.376583307,Q,155.14,1,155.18,4,R,4086977,2,,N,AAPL,
20190102,10:00:00.376598417,X,155.13,4,155.2,4,R,4086978,0,,N,AAPL,
20190102,10:00:00.376623864,Q,155.13,6,155.18,4,R,4086979,0,,N,AAPL,
20190102,10:00:00.376817160,P,155.14,4,155.18,6,R,4086981,0,,N,AAPL,
20190102,10:00:00.376986917,C,146.88,1,155.18,2,R,4086984,0,,N,AAPL,
20190102,10:00:00.377059419,P,155.14,1,155.18,6,R,4086985,0,,N,AAPL,
20190102,10:00:00.377102696,N,155.14,1,155.18,10,R,4086986,2,,N,AAPL,
20190102,10:00:00.378144109,Q,155.14,10,155.18,4,R,4086995,2,,N,AAPL,
20190102,10:00:00.378179294,Q,155.14,11,155.18,4,R,4086996,2,,N,AAPL,
20190102,10:00:00.378182550,X,155.14,7,155.2,4,R,4086997,0,,N,AAPL,
20190102,10:00:00.378216518,Q,155.14,10,155.18,4,R,4086998,2,,N,AAPL,
20190102,10:00:00.378500248,K,155.14,1,155.18,5,R,4086999,0,,N,AAPL,
20190102,10:00:00.378510834,K,155.12,1,155.18,5,R,4087000,0,,N,AAPL,
20190102,10:00:00.378724515,C,146.88,1,155.18,1,R,4087005,0,,N,AAPL,
20190102,10:00:00.378753618,C,146.88,1,155.19,1,R,4087006,0,,N,AAPL,
20190102,10:00:00.378764406,C,146.88,1,155.19,2,R,4087007,0,,N,AAPL,
20190102,10:00:00.378823628,P,155.14,4,155.18,6,R,4087009,0,,N,AAPL,
20190102,10:00:00.378834296,P,155.14,4,155.18,6,R,4087010,0,,N,AAPL,
20190102,10:00:00.378868242,N,155.14,5,155.18,10,R,4087011,0,,N,AAPL,
20190102,10:00:00.378890796,P,155.14,5,155.18,6,R,4087012,0,,N,AAPL,
20190102,10:00:00.378978140,N,155.14,6,155.18,10,R,4087016,0,,N,AAPL,
20190102,10:00:00.379317888,V,155.14,2,155.18,1,R,4087024,0,,N,AAPL,
20190102,10:00:00.379361904,V,155.14,2,155.19,2,R,4087026,0,,N,AAPL,
20190102,10:00:00.381057336,Y,155.12,1,155.21,1,R,4087035,0,,N,AAPL,
20190102,10:00:00.386340022,N,155.14,5,155.18,10,R,4087045,0,,N,AAPL,
20190102,10:00:00.387633096,Z,155.12,2,155.18,5,R,4087057,0,,N,AAPL,
20190102,10:00:00.387741184,Y,155.12,1,155.21,1,R,4087062,0,,N,AAPL,
20190102,10:00:00.388004237,C,146.88,1,155.18,1,R,4087070,0,,N,AAPL,
20190102,10:00:00.388005134,P,155.14,4,155.18,6,R,4087071,0,,N,AAPL,
20190102,10:00:00.388007282,X,155.13,4,155.2,4,R,4087072,0,,N,AAPL,
20190102,10:00:00.388014523,C,146.88,1,155.18,2,R,4087073,0,,N,AAPL,
20190102,10:00:00.388016283,P,155.14,4,155.18,6,R,4087074,0,,N,AAPL,
20190102,10:00:00.388122086,N,155.14,1,155.18,10,R,4087077,0,,N,AAPL,
20190102,10:00:00.388156751,V,155.14,2,155.18,1,R,4087079,0,,N,AAPL,
20190102,10:00:00.388186823,V,155.14,2,155.18,2,R,4087080,0,,N,AAPL,
20190102,10:00:00.388202500,P,155.14,1,155.18,6,R,4087081,0,,N,AAPL,
20190102,10:00:00.388360037,C,146.88,1,155.18,1,R,4087094,0,,N,AAPL,
20190102,10:00:00.388416077,V,155.14,1,155.18,2,R,4087100,0,,N,AAPL,
20190102,10:00:00.388613588,K,155.12,1,155.18,6,R,4087107,0,,N,AAPL,
20190102,10:00:00.388649534,C,146.88,1,155.18,2,R,4087108,0,,N,AAPL,
20190102,10:00:00.389142161,Q,155.14,3,155.18,4,R,4087124,2,,N,AAPL,
20190102,10:00:00.389145173,Q,155.13,6,155.18,4,R,4087125,2,,N,AAPL,
20190102,10:00:00.389160250,Z,155.12,2,155.18,5,R,4087126,0,,N,AAPL,
20190102,10:00:00.389169622,B,154.98,1,155.21,1,R,4087127,0,,N,AAPL,
20190102,10:00:00.389180965,Q,155.13,6,155.17,2,R,4087128,2,,N,AAPL,
20190102,10:00:00.389183687,Q,155.13,5,155.17,2,R,4087129,0,,N,AAPL,
20190102,10:00:00.389196448,Q,155.13,5,155.17,6,R,4087130,2,,N,AAPL,
20190102,10:00:00.389251012,Z,155.12,2,155.16,1,R,4087132,2,,N,AAPL,
20190102,10:00:00.389258739,Y,155.12,1,155.21,1,R,4087133,0,,N,AAPL,
20190102,10:00:00.389262934,Z,155.12,3,155.16,1,R,4087134,0,,N,AAPL,
20190102,10:00:00.389272443,B,154.98,1,155.34,1,R,4087135,0,,N,AAPL,
20190102,10:00:00.389277671,J,155.12,1,155.21,1,R,4087137,0,,N,AAPL,
20190102,10:00:00.389297687,K,155.12,1,155.16,1,R,4087138,0,,N,AAPL,
20190102,10:00:00.389328184,Z,155.12,4,155.16,1,R,4087139,2,,N,AAPL,
20190102,10:00:00.389341670,Y,155.12,1,155.35,1,R,4087140,0,,N,AAPL,
20190102,10:00:00.389342018,Z,155.12,4,155.16,2,R,4087141,2,,N,AAPL,
20190102,10:00:00.389347966,J,155.12,1,155.4,1,R,4087142,0,,N,AAPL,
20190102,10:00:00.389363863,Q,155.13,5,155.16,5,R,4087144,2,,N,AAPL,
20190102,10:00:00.389373522,Z,155.12,4,155.16,3,R,4087146,0,,N,AAPL,
20190102,10:00:00.389486014,Z,155.12,4,155.16,5,R,4087154,0,,N,AAPL,
20190102,10:00:00.389508580,K,155.12,1,155.16,6,R,4087156,2,,N,AAPL,
20190102,10:00:00.389553496,P,155.13,3,155.18,6,R,4087157,2,,N,AAPL,
20190102,10:00:00.389561461,X,155.13,1,155.2,4,R,4087158,0,,N,AAPL,
20190102,10:00:00.389629429,N,155.13,7,155.18,10,R,4087160,2,,N,AAPL,
20190102,10:00:00.389639026,P,155.13,3,155.16,1,R,4087161,0,,N,AAPL,
20190102,10:00:00.389648626,P,155.13,4,155.16,1,R,4087162,0,,N,AAPL,
20190102,10:00:00.389687950,Z,155.12,4,155.15,1,R,4087163,2,,N,AAPL,
20190102,10:00:00.389724983,P,155.13,4,155.16,2,R,4087164,0,,N,AAPL,
20190102,10:00:00.389735567,P,155.13,4,155.16,3,R,4087166,0,,N,AAPL,
20190102,10:00:00.389745527,P,155.13,3,155.16,3,R,4087167,0,,N,AAPL,
20190102,10:00:00.389755511,Q,155.13,1,155.16,5,R,4087168,0,,N,AAPL,
20190102,10:00:00.389760346,Z,155.12,4,155.15,2,R,4087169,2,,N,AAPL,
20190102,10:00:00.389803986,B,154.98,1,155.3,1,R,4087171,0,,N,AAPL,
20190102,10:00:00.389859449,Z,155.12,4,155.15,1,R,4087174,2,,N,AAPL,
20190102,10:00:00.389923059,P,155.13,3,155.16,6,R,4087175,0,,N,AAPL,
20190102,10:00:00.389934540,Z,155.12,4,155.16,5,R,4087176,2,,N,AAPL,
20190102,10:00:00.389975555,N,155.13,1,155.18,10,R,4087177,0,,N,AAPL,
20190102,10:00:00.389999300,Z,155.12,4,155.16,4,R,4087178,0,,N,AAPL,
20190102,10:00:00.390005952,Y,155.12,1,155.35,1,R,4087179,0,,N,AAPL,
20190102,10:00:00.390025741,K,155.12,1,155.16,5,R,4087180,2,,N,AAPL,
20190102,10:00:00.390026621,J,155.12,1,155.4,1,R,4087181,0,,N,AAPL,
20190102,10:00:00.390185334,V,154.5,2,155.18,2,R,4087182,2,,N,AAPL,
20190102,10:00:00.390403693,P,155.13,3,155.16,3,R,4087183,2,,N,AAPL,
20190102,10:00:00.390485502,Z,155.12,3,155.16,4,R,4087185,0,,N,AAPL,
20190102,10:00:00.413500820,Z,155.12,2,155.16,4,R,4087274,0,,N,AAPL,
20190102,10:00:00.413928560,P,155.13,1,155.16,3,R,4087276,2,,N,AAPL,
20190102,10:00:00.419629292,P,155.13,1,155.16,2,R,4087289,0,,N,AAPL,
20190102,10:00:00.426027615,N,155.13,1,155.18,5,R,4087299,0,,N,AAPL,
20190102,10:00:00.428501236,X,155.12,3,155.2,4,R,4087306,2,,N,AAPL,
20190102,10:00:00.428835331,Z,155.12,2,155.15,1,R,4087314,2,,N,AAPL,
20190102,10:00:00.428848053,Y,155.12,1,155.35,1,R,4087315,0,,N,AAPL,
20190102,10:00:00.428914260,Y,155.12,1,155.35,1,R,4087320,0,,N,AAPL,
20190102,10:00:00.428915176,Z,155.12,2,155.15,2,R,4087321,2,,N,AAPL,
20190102,10:00:00.428920933,Z,155.12,2,155.15,3,R,4087322,2,,N,AAPL,
20190102,10:00:00.428931062,Z,155.12,2,155.15,5,R,4087323,2,,N,AAPL,
20190102,10:00:00.429018995,Z,155.12,2,155.15,3,R,4087324,2,,N,AAPL,
20190102,10:00:00.429272717,P,155.13,1,155.16,4,R,4087329,0,,N,AAPL,
20190102,10:00:00.429456483,P,155.13,1,155.16,5,R,4087338,0,,N,AAPL,
20190102,10:00:00.430099455,N,155.12,5,155.18,5,R,4087346,0,,N,AAPL,
20190102,10:00:00.437400979,P,155.12,2,155.16,5,R,4087373,0,,N,AAPL,
20190102,10:00:00.440894534,J,154.98,1,155.4,1,R,4087382,0,,N,AAPL,
20190102,10:00:00.443784283,Q,155.12,7,155.16,5,R,4087497,2,,N,AAPL,
20190102,10:00:00.443820229,Q,155.12,6,155.16,5,R,4087499,2,,N,AAPL,
20190102,10:00:00.443830130,Q,155.12,1,155.16,5,R,4087500,2,,N,AAPL,
20190102,10:00:00.443834028,X,155.03,3,155.2,4,R,4087501,0,,N,AAPL,
20190102,10:00:00.443867891,X,155.11,3,155.2,4,R,4087503,0,,N,AAPL,
20190102,10:00:00.443874682,Q,155.11,8,155.16,5,R,4087504,0,,N,AAPL,
20190102,10:00:00.443891435,X,155.03,3,155.2,4,R,4087506,0,,N,AAPL,
20190102,10:00:00.443915705,Q,155.11,8,155.15,5,R,4087507,2,,N,AAPL,
20190102,10:00:00.443940658,X,155.11,3,155.2,4,R,4087508,0,,N,AAPL,
20190102,10:00:00.444115923,Z,155.12,2,155.15,3,R,4087518,0,,N,AAPL,
20190102,10:00:00.444128438,Y,154.16,1,155.35,1,R,4087519,0,,N,AAPL,
20190102,10:00:00.444178319,K,155.12,1,155.16,5,R,4087523,0,,N,AAPL,
20190102,10:00:00.444188845,Z,155.12,2,155.15,5,R,4087525,0,,N,AAPL,
20190102,10:00:00.444279496,Y,154.16,1,155.35,1,R,4087530,0,,N,AAPL,
20190102,10:00:00.444306337,Z,155.1,2,155.15,5,R,4087536,0,,N,AAPL,
20190102,10:00:00.444376526,K,155.12,1,155.15,5,R,4087543,0,,N,AAPL,
20190102,10:00:00.444461725,Y,155.09,1,155.35,1,R,4087548,0,,N,AAPL,
20190102,10:00:00.444478460,Z,155.09,1,155.15,5,R,4087550,0,,N,AAPL,
20190102,10:00:00.444492822,J,155.09,1,155.4,1,R,4087552,0,,N,AAPL,
20190102,10:00:00.444522737,Z,155.11,1,155.15,5,R,4087554,0,,N,AAPL,
20190102,10:00:00.444702058,Z,155.11,2,155.15,5,R,4087566,0,,N,AAPL,
20190102,10:00:00.444886952,P,155.11,4,155.16,5,R,4087583,0,,N,AAPL,
20190102,10:00:00.444918938,P,155.11,4,155.15,6,R,4087586,2,,N,AAPL,
20190102,10:00:00.444975671,N,155.11,6,155.18,5,R,4087591,2,,N,AAPL,
20190102,10:00:00.444986444,N,155.11,2,155.18,5,R,4087593,0,,N,AAPL,
20190102,10:00:00.445042445,P,155.11,4,155.15,7,R,4087598,2,,N,AAPL,
20190102,10:00:00.445095907,N,155.11,1,155.18,5,R,4087605,0,,N,AAPL,
20190102,10:00:00.445170983,B,154.95,1,155.3,1,R,4087611,0,,N,AAPL,
20190102,10:00:00.445252471,Z,155.11,2,155.14,4,R,4087621,2,,N,AAPL,
20190102,10:00:00.445287667,Z,155.11,1,155.14,4,R,4087623,0,,N,AAPL,
20190102,10:00:00.445331911,Y,155.09,1,155.35,1,R,4087624,0,,N,AAPL,
20190102,10:00:00.445370237,Z,155.11,1,155.14,5,R,4087627,2,,N,AAPL,
20190102,10:00:00.445638592,P,155.11,5,155.15,7,R,4087643,0,,N,AAPL,
20190102,10:00:00.445657727,N,155.11,6,155.18,5,R,4087644,0,,N,AAPL,
20190102,10:00:00.446075261,V,154.5,2,155.15,1,R,4087655,0,,N,AAPL,
20190102,10:00:00.455611480,Q,155.11,7,155.15,5,R,4087711,0,,N,AAPL,
20190102,10:00:00.455613799,Q,155.11,3,155.15,5,R,4087712,0,,N,AAPL,
20190102,10:00:00.455619511,X,155.1,3,155.2,4,R,4087713,0,,N,AAPL,
20190102,10:00:00.455623055,K,155.09,2,155.15,5,R,4087714,2,,N,AAPL,
20190102,10:00:00.456054281,N,155.11,1,155.18,5,R,4087729,2,,N,AAPL,
20190102,10:00:00.464081198,P,155.11,4,155.15,7,R,4087840,2,,N,AAPL,
20190102,10:00:00.464342665,P,155.11,1,155.15,7,R,4087845,2,,N,AAPL,
20190102,10:00:00.464520783,C,146.88,1,155.14,1,R,4087848,0,,N,AAPL,
20190102,10:00:00.464778951,V,154.5,2,155.14,1,R,4087857,0,,N,AAPL,
20190102,10:00:00.465148834,Z,155.09,2,155.14,5,R,4087859,0,,N,AAPL,
20190102,10:00:00.465220775,Z,155.09,2,155.14,5,R,4087860,0,,N,AAPL,
20190102,10:00:00.465308485,Z,155.09,2,155.13,1,R,4087863,2,,N,AAPL,
20190102,10:00:00.465309440,K,155.09,1,155.15,5,R,4087864,0,,N,AAPL,
20190102,10:00:00.465317324,Q,155.11,3,155.14,9,R,4087865,0,,N,AAPL,
20190102,10:00:00.465327997,Z,155.09,4,155.13,1,R,4087866,0,,N,AAPL,
20190102,10:00:00.465330332,Q,155.11,1,155.14,9,R,4087867,2,,N,AAPL,
20190102,10:00:00.465333801,Q,155.1,5,155.14,9,R,4087868,0,,N,AAPL,
20190102,10:00:00.465349917,Q,155.1,5,155.14,10,R,4087869,0,,N,AAPL,
20190102,10:00:00.465383951,Z,155.09,4,155.13,2,R,4087870,2,,N,AAPL,
20190102,10:00:00.465394797,Z,155.09,4,155.13,3,R,4087872,2,,N,AAPL,
20190102,10:00:00.465412621,B,154.95,1,155.16,2,R,4087873,0,,N,AAPL,
20190102,10:00:00.465415853,X,155.1,3,155.16,2,R,4087874,0,,N,AAPL,
20190102,10:00:00.465432332,K,155.09,1,155.14,8,R,4087875,0,,N,AAPL,
20190102,10:00:00.465463791,X,155.1,3,155.15,3,R,4087876,0,,N,AAPL,
20190102,10:00:00.465509083,C,146.88,1,155.18,1,R,4087877,0,,N,AAPL,
20190102,10:00:00.465519957,C,146.88,1,155.15,1,R,4087878,0,,N,AAPL,
20190102,10:00:00.465710193,P,155.11,1,155.14,5,R,4087881,2,,N,AAPL,
20190102,10:00:00.465746497,V,154.5,2,155.15,2,R,4087882,0,,N,AAPL,
20190102,10:00:00.465783124,P,155.11,1,155.14,6,R,4087883,0,,N,AAPL,
20190102,10:00:00.465805683,P,155.1,3,155.14,6,R,4087885,0,,N,AAPL,
20190102,10:00:00.465806246,Q,155.1,1,155.14,10,R,4087886,0,,N,AAPL,
20190102,10:00:00.465810314,X,155.07,3,155.15,3,R,4087887,0,,N,AAPL,
20190102,10:00:00.465842146,X,155.09,4,155.15,3,R,4087888,0,,N,AAPL,
20190102,10:00:00.465845277,Z,155.09,4,155.13,5,R,4087889,2,,N,AAPL,
20190102,10:00:00.465847503,N,155.1,8,155.18,5,R,4087890,2,,N,AAPL,
20190102,10:00:00.465866192,X,155.08,4,155.15,3,R,4087891,0,,N,AAPL,
20190102,10:00:00.465868901,X,155.07,3,155.15,3,R,4087892,0,,N,AAPL,
20190102,10:00:00.465878340,P,155.1,3,155.13,1,R,4087893,0,,N,AAPL,
20190102,10:00:00.465893299,X,155.09,3,155.15,3,R,4087894,0,,N,AAPL,
20190102,10:00:00.465916716,X,155.08,4,155.15,3,R,4087895,0,,N,AAPL,
20190102,10:00:00.465919201,X,155.07,3,155.15,3,R,4087896,0,,N,AAPL,
20190102,10:00:00.465925997,P,155.09,3,155.13,1,R,4087897,0,,N,AAPL,
20190102,10:00:00.465928386,Q,155.1,1,155.13,10,R,4087898,2,,N,AAPL,
20190102,10:00:00.465944201,X,155.09,3,155.15,3,R,4087900,0,,N,AAPL,
20190102,10:00:00.465959425,Q,155.1,1,155.13,11,R,4087901,2,,N,AAPL,
20190102,10:00:00.465959776,P,155.09,3,155.13,2,R,4087902,0,,N,AAPL,
20190102,10:00:00.465967726,X,155.08,3,155.15,3,R,4087903,0,,N,AAPL,
20190102,10:00:00.465972940,N,155.1,2,155.18,5,R,4087904,2,,N,AAPL,
20190102,10:00:00.465975081,X,155.07,3,155.15,3,R,4087905,0,,N,AAPL,
20190102,10:00:00.465993838,X,155.09,3,155.15,3,R,4087906,0,,N,AAPL,
20190102,10:00:00.465998870,N,155.1,1,155.18,5,R,4087907,2,,N,AAPL,
20190102,10:00:00.466019141,X,155.08,2,155.15,3,R,4087908,0,,N,AAPL,
20190102,10:00:00.466025637,X,155.07,3,155.15,3,R,4087909,0,,N,AAPL,
20190102,10:00:00.466045263,X,155.09,3,155.15,3,R,4087910,0,,N,AAPL,
20190102,10:00:00.466073111,X,155.08,2,155.15,3,R,4087911,0,,N,AAPL,
20190102,10:00:00.466079436,X,155.07,3,155.15,3,R,4087912,0,,N,AAPL,
20190102,10:00:00.466097105,X,155.09,6,155.15,3,R,4087914,0,,N,AAPL,
20190102,10:00:00.466102064,N,155.09,6,155.18,5,R,4087915,2,,N,AAPL,
20190102,10:00:00.466125037,X,155.08,3,155.15,3,R,4087916,0,,N,AAPL,
20190102,10:00:00.466129718,X,155.07,3,155.15,3,R,4087917,0,,N,AAPL,
20190102,10:00:00.466149523,X,155.09,6,155.15,3,R,4087918,0,,N,AAPL,
20190102,10:00:00.466174243,X,155.08,3,155.15,3,R,4087919,0,,N,AAPL,
20190102,10:00:00.466180153,X,155.07,3,155.15,3,R,4087920,0,,N,AAPL,
20190102,10:00:00.466199369,X,155.09,6,155.15,3,R,4087921,0,,N,AAPL,
20190102,10:00:00.466223581,X,155.08,3,155.15,3,R,4087922,0,,N,AAPL,
20190102,10:00:00.466228570,X,155.07,3,155.15,3,R,4087923,0,,N,AAPL,
20190102,10:00:00.466251392,X,155.09,6,155.15,3,R,4087924,0,,N,AAPL,
20190102,10:00:00.466266608,K,155.09,1,155.13,1,R,4087925,0,,N,AAPL,
20190102,10:00:00.466275115,X,155.08,3,155.15,3,R,4087926,0,,N,AAPL,
20190102,10:00:00.466280846,X,155.07,3,155.15,3,R,4087927,0,,N,AAPL,
20190102,10:00:00.466300462,X,155.08,3,155.15,3,R,4087928,0,,N,AAPL,
20190102,10:00:00.466326434,X,155.07,3,155.15,3,R,4087929,0,,N,AAPL,
20190102,10:00:00.466344063,X,155.08,6,155.15,3,R,4087930,0,,N,AAPL,
20190102,10:00:00.466351608,X,155.09,6,155.15,3,R,4087931,0,,N,AAPL,
20190102,10:00:00.466366240,K,155.09,1,155.13,5,R,4087932,0,,N,AAPL,
20190102,10:00:00.466373218,X,155.07,3,155.15,3,R,4087933,0,,N,AAPL,
20190102,10:00:00.466391960,Z,155.09,3,155.13,5,R,4087934,0,,N,AAPL,
20190102,10:00:00.466510366,P,155.09,4,155.13,2,R,4087936,0,,N,AAPL,
20190102,10:00:00.474103379,Y,155.09,1,155.35,1,R,4087943,0,,N,AAPL,
20190102,10:00:00.495880064,P,155.09,4,155.13,1,R,4088068,0,,N,AAPL,
20190102,10:00:00.564655732,N,155.11,1,155.18,5,R,4088295,2,,N,AAPL,
20190102,10:00:00.568523866,Q,155.1,1,155.13,10,R,4088313,2,,N,AAPL,
20190102,10:00:00.568587975,Q,155.1,1,155.14,10,R,4088314,2,,N,AAPL,
20190102,10:00:00.568599100,Z,155.09,3,155.13,4,R,4088316,2,,N,AAPL,
20190102,10:00:00.568616369,K,155.09,1,155.13,4,R,4088317,2,,N,AAPL,
20190102,10:00:00.568825876,Z,155.09,3,155.13,2,R,4088319,2,,N,AAPL,
20190102,10:00:00.657462493,K,155.09,1,155.14,3,R,4088416,2,,N,AAPL,
20190102,10:00:00.657466923,Z,155.09,3,155.13,1,R,4088417,2,,N,AAPL,
20190102,10:00:00.657474790,Q,155.1,1,155.14,9,R,4088418,0,,N,AAPL,
20190102,10:00:00.657477370,Z,155.09,3,155.14,5,R,4088419,2,,N,AAPL,
20190102,10:00:00.657479368,Q,155.1,7,155.14,9,R,4088420,0,,N,AAPL,
20190102,10:00:00.657505909,Q,155.1,6,155.14,9,R,4088421,0,,N,AAPL,
20190102,10:00:00.657571936,Z,155.11,1,155.14,5,R,4088422,0,,N,AAPL,
20190102,10:00:00.657576241,Z,155.11,1,155.14,4,R,4088423,0,,N,AAPL,
20190102,10:00:00.657583003,Y,155.11,1,155.35,1,R,4088424,0,,N,AAPL,
20190102,10:00:00.657586179,K,155.11,1,155.14,3,R,4088425,0,,N,AAPL,
20190102,10:00:00.657597242,J,155.09,1,155.4,1,R,4088426,0,,N,AAPL,
20190102,10:00:00.657650168,Z,155.11,2,155.14,4,R,4088427,2,,N,AAPL,
20190102,10:00:00.657776697,P,155.09,4,155.14,6,R,4088428,2,,N,AAPL,
20190102,10:00:00.657781782,Q,155.1,6,155.15,5,R,4088429,2,,N,AAPL,
20190102,10:00:00.657821109,Y,155.11,1,155.35,1,R,4088430,0,,N,AAPL,
20190102,10:00:00.657823502,Z,155.12,1,155.14,4,R,4088431,2,,N,AAPL,
20190102,10:00:00.657845415,P,155.1,1,155.14,6,R,4088432,0,,N,AAPL,
20190102,10:00:00.657846782,C,146.88,1,155.18,1,R,4088433,0,,N,AAPL,
20190102,10:00:00.657856980,P,155.1,2,155.14,6,R,4088434,0,,N,AAPL,
20190102,10:00:00.657866605,Y,155.11,1,155.35,1,R,4088435,0,,N,AAPL,
20190102,10:00:00.657868860,P,155.11,1,155.14,6,R,4088436,0,,N,AAPL,
20190102,10:00:00.657880035,P,155.11,1,155.13,1,R,4088437,2,,N,AAPL,
20190102,10:00:00.657889933,P,155.11,1,155.14,5,R,4088438,2,,N,AAPL,
20190102,10:00:00.657951449,Q,155.11,5,155.15,5,R,4088439,0,,N,AAPL,
20190102,10:00:00.657954323,P,155.11,2,155.14,5,R,4088440,0,,N,AAPL,
20190102,10:00:00.657965312,P,155.11,1,155.14,5,R,4088441,0,,N,AAPL,
20190102,10:00:00.657976249,P,155.11,1,155.15,7,R,4088442,2,,N,AAPL,
20190102,10:00:00.657985971,P,155.11,1,155.15,7,R,4088443,0,,N,AAPL,
20190102,10:00:00.658029817,P,155.11,4,155.15,7,R,4088444,0,,N,AAPL,
20190102,10:00:00.658119930,N,155.11,5,155.18,5,R,4088445,0,,N,AAPL,
20190102,10:00:00.658202896,P,155.11,4,155.15,7,R,4088446,0,,N,AAPL,
20190102,10:00:00.658212590,V,154.5,2,155.15,1,R,4088447,0,,N,AAPL,
20190102,10:00:00.658315076,V,154.5,2,179.53,1,R,4088448,0,,N,AAPL,
20190102,10:00:00.658370978,P,155.11,4,155.15,6,R,4088449,0,,N,AAPL,
20190102,10:00:00.678542409,K,155.11,1,155.16,5,R,4088533,0,,N,AAPL,
20190102,10:00:00.678634217,Z,155.12,1,155.15,4,R,4088536,2,,N,AAPL,
20190102,10:00:00.678712044,X,155.07,3,155.16,2,R,4088537,0,,N,AAPL,
20190102,10:00:00.678768130,X,155.07,3,155.16,5,R,4088540,0,,N,AAPL,
20190102,10:00:00.679096405,Z,155.12,1,155.15,3,R,4088557,0,,N,AAPL,
20190102,10:00:00.679352376,V,155.12,1,179.53,1,R,4088566,0,,N,AAPL,
20190102,10:00:00.679419501,Y,155.11,1,155.17,1,R,4088568,0,,N,AAPL,
20190102,10:00:00.679432317,J,155.09,1,155.17,1,R,4088569,0,,N,AAPL,
20190102,10:00:00.679788115,V,155.11,1,179.53,1,R,4088575,0,,N,AAPL,
20190102,10:00:00.687547345,Y,155.09,1,155.17,1,R,4088607,0,,N,AAPL,
20190102,10:00:00.687558116,Y,155.09,1,155.17,1,R,4088608,0,,N,AAPL,
20190102,10:00:00.687569398,J,155.09,1,155.17,1,R,4088609,0,,N,AAPL,
20190102,10:00:00.687573816,K,155.09,1,155.16,5,R,4088610,0,,N,AAPL,
20190102,10:00:00.721386096,P,155.11,4,155.15,4,R,4088756,2,,N,AAPL,
20190102,10:00:00.721457323,P,155.11,4,155.15,5,R,4088757,0,,N,AAPL,
20190102,10:00:00.767609270,C,155.12,1,155.18,1,R,4088816,0,,N,AAPL,
20190102,10:00:00.767834815,V,155.12,1,179.53,1,R,4088821,0,,N,AAPL,
20190102,10:00:00.768477470,C,146.88,1,155.18,1,R,4088823,0,,N,AAPL,
20190102,10:00:00.768487854,C,155.11,1,155.18,1,R,4088824,0,,N,AAPL,
20190102,10:00:00.780265621,Q,155.11,5,155.16,7,R,4088844,2,,N,AAPL,
20190102,10:00:00.780272513,Z,155.12,2,155.15,3,R,4088845,2,,N,AAPL,
20190102,10:00:00.780306371,Q,155.12,1,155.16,7,R,4088848,0,,N,AAPL,
20190102,10:00:00.780346762,Q,155.12,2,155.16,7,R,4088850,0,,N,AAPL,
20190102,10:00:00.780380275,Q,155.12,1,155.16,7,R,4088852,0,,N,AAPL,
20190102,10:00:00.780393450,B,155.11,1,155.16,2,R,4088853,0,,N,AAPL,
20190102,10:00:00.780400104,X,155.11,1,155.16,5,R,4088854,0,,N,AAPL,
20190102,10:00:00.780415674,Q,155.11,6,155.16,7,R,4088856,0,,N,AAPL,
20190102,10:00:00.780459990,X,155.11,3,155.16,5,R,4088858,0,,N,AAPL,
20190102,10:00:00.780489937,Z,155.12,2,155.15,2,R,4088860,0,,N,AAPL,
20190102,10:00:00.780655763,K,155.12,1,155.16,5,R,4088868,0,,N,AAPL,
20190102,10:00:00.780684228,K,155.09,1,155.16,5,R,4088869,0,,N,AAPL,
20190102,10:00:00.780892807,P,155.11,4,155.15,4,R,4088875,2,,N,AAPL,
20190102,10:00:00.780903443,P,155.12,1,155.15,4,R,4088876,0,,N,AAPL,
20190102,10:00:00.780925876,P,155.12,1,155.16,5,R,4088877,2,,N,AAPL,
20190102,10:00:00.780935602,P,155.11,4,155.16,5,R,4088878,0,,N,AAPL,
20190102,10:00:00.780956241,P,155.11,4,155.16,4,R,4088880,0,,N,AAPL,
20190102,10:00:00.780989286,C,155.12,1,155.18,1,R,4088883,0,,N,AAPL,
20190102,10:00:00.780998722,P,155.12,1,155.16,4,R,4088884,0,,N,AAPL,
20190102,10:00:00.780999353,C,155.12,2,155.18,1,R,4088885,0,,N,AAPL,
20190102,10:00:00.781011517,P,155.12,1,155.16,3,R,4088886,0,,N,AAPL,
20190102,10:00:00.781019974,C,155.12,1,155.18,1,R,4088888,0,,N,AAPL,
20190102,10:00:00.781021824,V,155.11,2,179.53,1,R,4088889,0,,N,AAPL,
20190102,10:00:00.781030199,C,155.11,1,155.18,1,R,4088891,0,,N,AAPL,
20190102,10:00:00.781039915,C,155.11,2,155.18,1,R,4088892,0,,N,AAPL,
20190102,10:00:00.781050986,C,155.11,1,155.18,1,R,4088894,0,,N,AAPL,
20190102,10:00:00.781060393,C,155.12,1,155.18,1,R,4088896,0,,N,AAPL,
20190102,10:00:00.781070805,C,155.11,1,155.18,1,R,4088898,0,,N,AAPL,
20190102,10:00:00.781091066,V,155.12,1,179.53,1,R,4088899,0,,N,AAPL,
20190102,10:00:00.781120647,N,155.11,5,155.18,8,R,4088900,0,,N,AAPL,
20190102,10:00:00.781123435,V,154.5,2,179.53,1,R,4088901,0,,N,AAPL,
20190102,10:00:00.781227664,N,155.11,5,155.18,9,R,4088905,0,,N,AAPL,
20190102,10:00:00.781276024,N,155.11,5,155.17,9,R,4088907,0,,N,AAPL,
20190102,10:00:00.781817614,V,155.12,1,179.53,1,R,4088910,0,,N,AAPL,
20190102,10:00:00.789296533,V,155.11,1,179.53,1,R,4088959,0,,N,AAPL,
20190102,10:00:00.794571048,P,155.11,4,155.16,3,R,4088986,0,,N,AAPL,
20190102,10:00:00.794582465,Q,155.11,6,155.15,11,R,4088987,2,,N,AAPL,
20190102,10:00:00.794614379,Q,155.11,6,155.15,12,R,4088989,2,,N,AAPL,
20190102,10:00:00.794636465,Q,155.11,6,155.15,11,R,4088990,2,,N,AAPL,
20190102,10:00:00.794923275,K,155.09,1,155.15,1,R,4088992,0,,N,AAPL,
20190102,10:00:00.794932569,K,155.09,1,155.16,5,R,4088993,0,,N,AAPL,
20190102,10:00:00.794968562,Z,155.12,3,155.15,2,R,4088994,2,,N,AAPL,
20190102,10:00:00.795028653,K,155.09,1,155.15,4,R,4088995,0,,N,AAPL,
20190102,10:00:00.795038258,K,155.09,1,155.16,5,R,4088996,0,,N,AAPL,
20190102,10:00:00.795168939,P,155.11,4,155.15,1,R,4088997,0,,N,AAPL,
20190102,10:00:00.795192409,P,155.11,4,155.16,3,R,4088998,0,,N,AAPL,
20190102,10:00:00.795235780,P,155.11,4,155.15,1,R,4088999,0,,N,AAPL,
20190102,10:00:00.795248022,K,155.09,1,155.15,3,R,4089000,0,,N,AAPL,
20190102,10:00:00.795257397,K,155.09,1,155.16,5,R,4089001,0,,N,AAPL,
20190102,10:00:00.795348653,K,155.09,1,155.15,4,R,4089002,0,,N,AAPL,
20190102,10:00:00.795357716,K,155.09,1,155.16,5,R,4089003,0,,N,AAPL,
20190102,10:00:00.795416900,P,155.12,1,155.15,1,R,4089004,0,,N,AAPL,
20190102,10:00:00.795442845,N,155.11,5,155.17,10,R,4089005,0,,N,AAPL,
20190102,10:00:00.795552029,K,155.09,1,155.15,5,R,4089006,0,,N,AAPL,
20190102,10:00:00.795556837,N,155.11,5,155.17,11,R,4089007,0,,N,AAPL,
20190102,10:00:00.795560613,K,155.09,1,155.16,5,R,4089008,0,,N,AAPL,
20190102,10:00:00.795568468,N,155.11,5,155.16,9,R,4089009,0,,N,AAPL,
20190102,10:00:00.795656543,K,155.09,1,155.15,4,R,4089010,0,,N,AAPL,
20190102,10:00:00.795668210,K,155.09,1,155.16,5,R,4089011,0,,N,AAPL,
20190102,10:00:00.795763125,K,155.09,1,155.15,5,R,4089012,0,,N,AAPL,
20190102,10:00:00.795773174,K,155.09,1,155.16,5,R,4089013,0,,N,AAPL,
20190102,10:00:00.795863517,K,155.09,1,155.15,4,R,4089014,0,,N,AAPL,
20190102,10:00:00.795872904,K,155.09,1,155.16,5,R,4089015,0,,N,AAPL,
20190102,10:00:00.795975412,K,155.09,1,155.15,4,R,4089016,0,,N,AAPL,
20190102,10:00:00.795984868,K,155.09,1,155.16,5,R,4089017,0,,N,AAPL,
20190102,10:00:00.796071416,K,155.09,1,155.15,5,R,4089018,0,,N,AAPL,
20190102,10:00:00.796079239,K,155.09,1,155.16,5,R,4089019,0,,N,AAPL,
20190102,10:00:00.796173923,K,155.09,1,155.15,4,R,4089020,0,,N,AAPL,
20190102,10:00:00.796182671,K,155.09,1,155.16,5,R,4089021,0,,N,AAPL,
20190102,10:00:00.796274812,K,155.09,1,155.15,5,R,4089024,0,,N,AAPL,
20190102,10:00:00.796284093,K,155.09,1,155.16,5,R,4089025,0,,N,AAPL,
20190102,10:00:00.796382880,K,155.09,1,155.15,5,R,4089026,0,,N,AAPL,
20190102,10:00:00.796399670,K,155.09,1,155.16,5,R,4089027,0,,N,AAPL,
20190102,10:00:00.798463121,Z,155.12,3,155.15,3,R,4089033,0,,N,AAPL,
20190102,10:00:00.798533528,Z,155.12,2,155.15,3,R,4089035,2,,N,AAPL,
20190102,10:00:00.798724730,C,146.88,1,155.18,1,R,4089038,0,,N,AAPL,
20190102,10:00:00.798780869,X,155.11,3,155.15,6,R,4089040,0,,N,AAPL,
20190102,10:00:00.798850010,P,155.12,1,155.15,4,R,4089041,0,,N,AAPL,
20190102,10:00:00.798860560,P,155.11,4,155.15,4,R,4089043,0,,N,AAPL,
20190102,10:00:00.799025904,N,155.11,5,155.16,10,R,4089046,0,,N,AAPL,
20190102,10:00:00.799146557,N,155.11,5,155.15,10,R,4089047,0,,N,AAPL,
20190102,10:00:00.799294511,V,154.5,2,179.53,1,R,4089048,0,,N,AAPL,
20190102,10:00:00.806796232,P,155.11,4,155.15,4,R,4089091,0,,N,AAPL,
20190102,10:00:00.822268699,Z,155.12,1,155.15,3,R,4089127,2,,N,AAPL,
20190102,10:00:00.873024058,Q,155.11,6,155.15,4,R,4089167,2,,N,AAPL,
20190102,10:00:00.888587962,X,155.11,3,155.16,5,R,4089188,0,,N,AAPL,
20190102,10:00:00.888649164,Q,155.11,6,155.16,7,R,4089189,0,,N,AAPL,
20190102,10:00:00.888688901,Q,155.12,1,155.16,7,R,4089190,0,,N,AAPL,
20190102,10:00:00.888723133,Q,155.12,2,155.16,7,R,4089192,2,,N,AAPL,
20190102,10:00:00.888762336,Q,155.12,1,155.16,7,R,4089193,2,,N,AAPL,
20190102,10:00:00.888801074,Q,155.11,6,155.16,7,R,4089194,0,,N,AAPL,
20190102,10:00:00.888828650,Z,155.12,2,155.15,3,R,4089195,2,,N,AAPL,
20190102,10:00:00.888883360,Z,155.12,2,155.15,2,R,4089196,0,,N,AAPL,
20190102,10:00:00.889043335,K,155.12,1,155.16,5,R,4089197,0,,N,AAPL,
20190102,10:00:00.889051330,K,155.09,1,155.16,5,R,4089198,0,,N,AAPL,
20190102,10:00:00.889102901,P,155.11,4,155.15,1,R,4089199,0,,N,AAPL,
20190102,10:00:00.889280055,P,155.12,1,155.15,1,R,4089212,0,,N,AAPL,
20190102,10:00:00.889307645,P,155.11,4,155.15,1,R,4089215,0,,N,AAPL,
20190102,10:00:00.889359579,P,155.12,1,155.15,1,R,4089218,0,,N,AAPL,
20190102,10:00:00.889368744,P,155.12,1,155.15,1,R,4089219,0,,N,AAPL,
20190102,10:00:00.889385891,P,155.12,1,155.15,1,R,4089220,0,,N,AAPL,
20190102,10:00:00.889429849,P,155.12,1,155.16,4,R,4089223,0,,N,AAPL,
20190102,10:00:00.889562276,N,155.11,5,155.16,10,R,4089228,2,,N,AAPL,
20190102,10:00:00.908395757,Q,155.11,7,155.16,7,R,4089271,0,,N,AAPL,
20190102,10:00:00.908645316,K,155.09,2,155.16,5,R,4089284,0,,N,AAPL,
20190102,10:00:00.908870371,Z,155.12,2,155.16,3,R,4089298,2,,N,AAPL,
20190102,10:00:00.909060932,C,155.12,1,155.18,1,R,4089316,0,,N,AAPL,
20190102,10:00:00.909094657,P,155.12,1,155.16,4,R,4089317,0,,N,AAPL,
20190102,10:00:00.909158763,C,155.12,2,155.18,1,R,4089320,0,,N,AAPL,
20190102,10:00:00.909211400,V,155.12,1,179.53,1,R,4089325,0,,N,AAPL,
20190102,10:00:00.909314800,V,155.12,2,179.53,1,R,4089330,0,,N,AAPL,
20190102,10:00:00.909451846,P,155.12,1,155.16,4,R,4089339,0,,N,AAPL,
20190102,10:00:00.909618342,Y,155.09,1,155.17,1,R,4089346,0,,N,AAPL,
20190102,10:00:00.909960049,P,155.12,1,155.16,4,R,4089354,0,,N,AAPL,
20190102,10:00:00.910470486,P,155.12,1,155.16,4,R,4089367,0,,N,AAPL,
20190102,10:00:00.910552888,C,155.12,1,155.18,1,R,4089369,0,,N,AAPL,
20190102,10:00:00.910741916,V,155.12,1,179.53,1,R,4089373,0,,N,AAPL,
20190102,10:00:00.911182397,Z,155.12,3,155.16,3,R,4089380,2,,N,AAPL,
20190102,10:00:00.930954854,P,155.12,1,155.16,4,R,4089462,0,,N,AAPL,
20190102,10:00:00.942591949,Z,155.12,3,155.16,2,R,4089474,0,,N,AAPL,
20190102,10:00:00.947839171,V,155.12,2,179.53,1,R,4089489,0,,N,AAPL,
20190102,10:00:00.961548456,Z,155.12,3,155.16,3,R,4089520,0,,N,AAPL,
20190102,10:00:00.961802496,V,155.12,1,179.53,1,R,4089522,0,,N,AAPL,
20190102,10:00:00.961932887,C,155.11,2,155.18,1,R,4089524,0,,N,AAPL,
20190102,10:00:00.962148846,V,155.11,2,179.53,1,R,4089525,0,,N,AAPL,
20190102,10:00:00.962646765,C,155.11,2,155.16,1,R,4089526,0,,N,AAPL,
20190102,10:00:00.962791692,C,155.11,2,155.18,1,R,4089528,0,,N,AAPL,
20190102,10:00:00.962800863,C,155.11,2,155.17,1,R,4089529,0,,N,AAPL,
20190102,10:00:00.963021106,V,155.11,2,155.16,1,R,4089530,0,,N,AAPL,
20190102,10:00:00.965786733,V,155.11,2,155.17,1,R,4089534,0,,N,AAPL,
20190102,10:00:00.987306663,N,155.11,4,155.16,10,R,4089554,0,,N,AAPL,
20190102,10:00:01.071928535,Z,155.12,2,155.16,3,R,4089722,2,,N,AAPL,
20190102,10:00:01.072017042,K,155.09,1,155.16,5,R,4089723,0,,N,AAPL,
20190102,10:00:01.072025215,Z,155.12,2,155.15,1,R,4089724,4,,N,AAPL,
20190102,10:00:01.072045188,Z,155.12,2,155.15,6,R,4089725,4,,N,AAPL,
20190102,10:00:01.072103656,Z,155.12,2,155.15,7,R,4089726,4,,N,AAPL,
20190102,10:00:01.072109528,Y,155.09,1,155.17,1,R,4089727,0,,N,AAPL,
20190102,10:00:01.072418965,P,155.11,4,155.16,4,R,4089728,0,,N,AAPL,
20190102,10:00:01.072425847,Q,155.11,7,155.15,9,R,4089729,2,,N,AAPL,
20190102,10:00:01.072458962,Q,155.11,7,155.15,10,R,4089730,2,,N,AAPL,
20190102,10:00:01.072474415,V,155.11,2,155.16,1,R,4089731,0,,N,AAPL,
20190102,10:00:01.072476990,C,155.11,1,155.17,1,R,4089732,0,,N,AAPL,
20190102,10:00:01.072500708,P,155.11,4,155.14,1,R,4089733,2,,N,AAPL,
20190102,10:00:01.072501387,X,155.11,3,155.15,5,R,4089734,0,,N,AAPL,
20190102,10:00:01.072558071,N,155.11,4,155.15,11,R,4089735,0,,N,AAPL,
20190102,10:00:01.072563354,C,146.88,1,155.17,1,R,4089736,0,,N,AAPL,
20190102,10:00:01.072570339,P,155.11,4,155.14,2,R,4089737,2,,N,AAPL,
20190102,10:00:01.072581043,P,155.11,4,155.14,3,R,4089738,2,,N,AAPL,
20190102,10:00:01.072664834,N,155.11,4,155.15,12,R,4089739,0,,N,AAPL,
20190102,10:00:01.072768044,K,155.09,1,155.15,1,R,4089740,0,,N,AAPL,
20190102,10:00:01.072882596,K,155.09,1,155.15,5,R,4089741,0,,N,AAPL,
20190102,10:00:01.072949837,Z,155.12,1,155.15,7,R,4089742,2,,N,AAPL,
20190102,10:00:01.073011465,V,155.11,1,155.16,1,R,4089743,0,,N,AAPL,
20190102,10:00:01.073432275,V,154.5,2,155.16,1,R,4089744,0,,N,AAPL,
20190102,10:00:01.084700607,Q,155.11,6,155.15,10,R,4089767,0,,N,AAPL,
20190102,10:00:01.085333784,N,155.11,4,155.15,11,R,4089768,0,,N,AAPL,
20190102,10:00:01.096925350,Z,155.09,5,155.15,7,R,4089806,2,,N,AAPL,
20190102,10:00:01.096929405,X,155.11,1,155.15,5,R,4089807,0,,N,AAPL,
20190102,10:00:01.097020462,Z,155.09,6,155.15,7,R,4089808,0,,N,AAPL,
20190102,10:00:01.097319432,P,155.11,1,155.14,3,R,4089809,0,,N,AAPL,
20190102,10:00:01.097338113,Z,155.09,4,155.15,7,R,4089810,0,,N,AAPL,
20190102,10:00:01.098027292,P,155.11,1,155.14,3,R,4089811,0,,N,AAPL,
20190102,10:00:01.099025888,Q,155.12,1,155.15,10,R,4089812,2,,N,AAPL,
20190102,10:00:01.099055078,Q,155.12,2,155.15,10,R,4089813,2,,N,AAPL,
20190102,10:00:01.099621832,P,155.11,4,155.14,3,R,4089814,0,,N,AAPL,
20190102,10:00:01.099665013,P,155.11,4,155.14,3,R,4089817,0,,N,AAPL,
20190102,10:00:01.099701988,N,155.11,14,155.15,11,R,4089818,0,,N,AAPL,
20190102,10:00:01.102492200,P,155.11,4,155.14,2,R,4089828,2,,N,AAPL,
20190102,10:00:01.102499580,Q,155.12,2,155.15,9,R,4089829,0,,N,AAPL,
20190102,10:00:01.102575139,P,155.11,4,155.14,1,R,4089831,2,,N,AAPL,
20190102,10:00:01.102576282,X,155.11,4,155.15,5,R,4089832,0,,N,AAPL,
20190102,10:00:01.103158708,P,155.12,1,155.14,1,R,4089833,0,,N,AAPL,
20190102,10:00:01.103225995,P,155.12,2,155.14,1,R,4089834,0,,N,AAPL,
20190102,10:00:01.103291153,P,155.12,3,155.14,1,R,4089836,4,,N,AAPL,
20190102,10:00:01.103302776,N,155.11,15,155.15,11,R,4089837,0,,N,AAPL,
20190102,10:00:01.103322582,N,155.11,11,155.15,11,R,4089838,0,,N,AAPL,
20190102,10:00:01.164832663,N,155.11,11,155.15,6,R,4089909,0,,N,AAPL,
20190102,10:00:01.164878029,Z,155.09,4,155.15,5,R,4089910,0,,N,AAPL,
20190102,10:00:01.173010255,Q,155.12,2,155.15,4,R,4089917,0,,N,AAPL,
20190102,10:00:01.190480842,P,155.12,3,155.15,3,R,4089929,2,,N,AAPL,
20190102,10:00:01.190552237,P,155.12,3,155.15,4,R,4089930,0,,N,AAPL,
20190102,10:00:01.190596021,N,155.11,10,155.15,6,R,4089931,0,,N,AAPL,
20190102,10:00:01.191425880,P,155.12,3,155.15,1,R,4089936,0,,N,AAPL,
20190102,10:00:01.191467518,N,155.11,10,155.16,10,R,4089937,2,,N,AAPL,
20190102,10:00:01.191817438,Z,155.09,4,155.15,4,R,4089939,0,,N,AAPL,
20190102,10:00:01.191832919,X,155.11,4,155.16,5,R,4089940,0,,N,AAPL,
20190102,10:00:01.191846448,K,155.09,1,155.15,4,R,4089941,2,,N,AAPL,
20190102,10:00:01.207597561,P,155.12,2,155.15,1,R,4089981,2,,N,AAPL,
20190102,10:00:01.207955463,V,154.5,2,155.17,1,R,4089985,0,,N,AAPL,
20190102,10:00:01.208301946,Q,155.12,2,155.16,7,R,4089991,2,,N,AAPL,
20190102,10:00:01.208358102,Q,155.12,1,155.16,7,R,4089992,0,,N,AAPL,
20190102,10:00:01.208415323,Q,155.12,1,155.15,1,R,4089993,0,,N,AAPL,
20190102,10:00:01.208460299,Q,155.12,1,155.15,2,R,4089995,0,,N,AAPL,
20190102,10:00:01.209219142,Q,155.12,1,155.15,1,R,4089996,0,,N,AAPL,
20190102,10:00:01.236594729,N,155.11,5,155.16,10,R,4090092,0,,N,AAPL,
20190102,10:00:01.304522375,P,155.12,1,155.15,1,R,4090249,2,,N,AAPL,
20190102,10:00:01.304532548,X,155.11,1,155.16,5,R,4090250,0,,N,AAPL,
20190102,10:00:01.308045302,Z,155.09,4,155.15,2,R,4090261,0,,N,AAPL,
20190102,10:00:01.308122569,B,155.11,1,155.17,1,R,4090264,0,,N,AAPL,
20190102,10:00:01.308135288,Z,155.09,4,155.15,1,R,4090265,0,,N,AAPL,
20190102,10:00:01.308148655,K,155.09,1,155.16,5,R,4090266,2,,N,AAPL,
20190102,10:00:01.308195118,X,155.11,5,155.16,5,R,4090271,0,,N,AAPL,
20190102,10:00:01.308332605,P,155.12,2,155.15,1,R,4090285,2,,N,AAPL,
20190102,10:00:01.308430650,P,155.12,2,155.16,4,R,4090297,0,,N,AAPL,
20190102,10:00:01.308439294,X,155.11,5,155.16,3,R,4090298,0,,N,AAPL,
20190102,10:00:01.308492015,P,155.12,2,155.15,1,R,4090306,0,,N,AAPL,
20190102,10:00:01.308505920,P,155.12,2,155.16,4,R,4090308,0,,N,AAPL,
20190102,10:00:01.308605537,Z,155.09,4,155.16,3,R,4090322,2,,N,AAPL,
20190102,10:00:01.308676722,V,155.12,1,155.17,1,R,4090329,0,,N,AAPL,
20190102,10:00:01.308713090,Z,155.09,4,155.16,2,R,4090331,0,,N,AAPL,
20190102,10:00:01.308721412,P,155.12,2,155.16,4,R,4090332,0,,N,AAPL,
20190102,10:00:01.308750183,C,155.12,1,155.17,1,R,4090334,0,,N,AAPL,
20190102,10:00:01.308762816,C,155.12,2,155.17,1,R,4090335,0,,N,AAPL,
20190102,10:00:01.308838169,V,155.12,2,155.17,1,R,4090338,0,,N,AAPL,
20190102,10:00:01.308850548,C,155.12,2,155.18,1,R,4090339,0,,N,AAPL,
20190102,10:00:01.308870589,V,155.12,1,155.17,1,R,4090340,0,,N,AAPL,
20190102,10:00:01.308900663,V,155.11,2,155.17,1,R,4090345,0,,N,AAPL,
20190102,10:00:01.308921148,V,155.11,1,155.17,1,R,4090347,0,,N,AAPL,
20190102,10:00:01.308970406,V,154.5,2,155.17,1,R,4090352,0,,N,AAPL,
20190102,10:00:01.309248483,V,154.5,2,179.53,1,R,4090370,0,,N,AAPL,
20190102,10:00:01.309676850,V,155.12,1,179.53,1,R,4090389,0,,N,AAPL,
20190102,10:00:01.309766778,V,155.12,2,179.53,1,R,4090394,0,,N,AAPL,
20190102,10:00:01.310197386,P,155.12,2,155.16,2,R,4090402,0,,N,AAPL,
20190102,10:00:01.310445245,P,155.12,2,155.16,2,R,4090413,0,,N,AAPL,
20190102,10:00:01.310571928,C,155.12,1,155.18,1,R,4090417,0,,N,AAPL,
20190102,10:00:01.310858757,V,155.12,1,179.53,1,R,4090423,0,,N,AAPL,
20190102,10:00:01.310986386,Z,155.09,4,155.16,3,R,4090425,0,,N,AAPL,
20190102,10:00:01.311620275,C,155.11,1,155.18,1,R,4090437,0,,N,AAPL,
20190102,10:00:01.311632216,C,155.11,2,155.18,1,R,4090438,0,,N,AAPL,
20190102,10:00:01.312023383,V,155.11,2,179.53,1,R,4090439,0,,N,AAPL,
20190102,10:00:01.317977596,Z,155.09,4,155.16,2,R,4090471,0,,N,AAPL,
20190102,10:00:01.320902787,V,155.12,1,179.53,1,R,4090496,0,,N,AAPL,
20190102,10:00:01.321280090,V,155.11,1,179.53,1,R,4090497,0,,N,AAPL,
20190102,10:00:01.321686999,V,155.11,2,179.53,1,R,4090498,0,,N,AAPL,
20190102,10:00:01.331803613,V,155.12,1,179.53,1,R,4090525,0,,N,AAPL,
20190102,10:00:01.332033230,P,155.12,2,155.16,2,R,4090535,0,,N,AAPL,
20190102,10:00:01.332040442,C,155.12,1,155.18,1,R,4090536,0,,N,AAPL,
20190102,10:00:01.332173041,C,155.11,1,155.18,1,R,4090546,0,,N,AAPL,
20190102,10:00:01.332182282,C,155.11,2,155.18,1,R,4090547,0,,N,AAPL,
20190102,10:00:01.332243419,P,155.12,2,155.16,2,R,4090548,0,,N,AAPL,
20190102,10:00:01.332298683,V,155.12,2,179.53,1,R,4090549,0,,N,AAPL,
20190102,10:00:01.332368618,P,155.12,2,155.16,5,R,4090551,2,,N,AAPL,
20190102,10:00:01.332724623,V,155.12,1,179.53,1,R,4090561,2,,N,AAPL,
20190102,10:00:01.332749658,V,155.11,1,179.53,1,R,4090562,0,,N,AAPL,
20190102,10:00:01.333092984,V,155.11,2,179.53,1,R,4090569,0,,N,AAPL,
20190102,10:00:01.365670230,P,155.12,2,155.16,5,R,4090634,0,,N,AAPL,
20190102,10:00:01.527461699,Z,155.09,4,155.16,3,R,4091310,0,,N,AAPL,
20190102,10:00:01.527468494,X,155.11,1,155.16,3,R,4091311,0,,N,AAPL,
20190102,10:00:01.530517898,C,155.11,1,155.18,1,R,4091330,0,,N,AAPL,
20190102,10:00:01.530527673,C,146.88,1,155.18,1,R,4091331,0,,N,AAPL,
20190102,10:00:01.532991981,V,155.11,1,179.53,1,R,4091355,0,,N,AAPL,
20190102,10:00:01.533069021,V,154.5,2,179.53,1,R,4091357,0,,N,AAPL,
20190102,10:00:01.563786219,P,155.12,1,155.16,5,R,4091431,2,,N,AAPL,
20190102,10:00:01.563857684,P,155.12,2,155.16,5,R,4091437,2,,N,AAPL,
20190102,10:00:01.563878322,P,155.12,1,155.16,5,R,4091438,2,,N,AAPL,
20190102,10:00:01.564041839,P,155.12,2,155.16,5,R,4091445,2,,N,AAPL,
20190102,10:00:01.564051955,P,155.12,1,155.16,5,R,4091446,2,,N,AAPL,
20190102,10:00:01.564125108,P,155.12,2,155.16,5,R,4091450,2,,N,AAPL,
20190102,10:00:01.564135938,P,155.12,1,155.16,5,R,4091452,2,,N,AAPL,
20190102,10:00:01.564199912,P,155.12,2,155.16,5,R,4091454,2,,N,AAPL,
20190102,10:00:01.564211220,P,155.12,1,155.16,5,R,4091455,2,,N,AAPL,
20190102,10:00:01.564261928,Z,155.09,4,155.15,4,R,4091459,2,,N,AAPL,
20190102,10:00:01.564270604,P,155.12,2,155.16,5,R,4091460,2,,N,AAPL,
20190102,10:00:01.564358567,Z,155.09,4,155.15,5,R,4091464,2,,N,AAPL,
20190102,10:00:01.564804207,P,155.12,1,155.16,5,R,4091475,2,,N,AAPL,
20190102,10:00:01.564998883,P,155.12,2,155.16,5,R,4091478,2,,N,AAPL,
20190102,10:00:01.565310987,P,155.12,1,155.16,5,R,4091483,2,,N,AAPL,
20190102,10:00:01.565336011,Z,155.09,4,155.15,4,R,4091485,2,,N,AAPL,
20190102,10:00:01.565381027,P,155.12,2,155.16,5,R,4091486,2,,N,AAPL,
20190102,10:00:01.571475700,Q,155.11,6,155.15,1,R,4091495,0,,N,AAPL,
20190102,10:00:01.571523779,X,155.11,4,155.16,3,R,4091496,0,,N,AAPL,
20190102,10:00:01.571910832,P,155.11,1,155.16,5,R,4091497,2,,N,AAPL,
20190102,10:00:01.571919495,Q,155.11,6,155.15,7,R,4091498,4,,N,AAPL,
20190102,10:00:01.571988545,P,155.11,1,155.14,1,R,4091499,2,,N,AAPL,
20190102,10:00:01.572005542,P,155.11,4,155.14,1,R,4091500,0,,N,AAPL,
20190102,10:00:01.572057756,N,155.11,5,155.15,11,R,4091501,0,,N,AAPL,
20190102,10:00:01.572063133,P,155.11,4,155.14,2,R,4091502,2,,N,AAPL,
20190102,10:00:01.572073386,P,155.11,4,155.14,3,R,4091503,2,,N,AAPL,
20190102,10:00:01.572172855,N,155.11,5,155.15,12,R,4091504,0,,N,AAPL,
20190102,10:00:01.572240869,Z,155.09,4,155.14,1,R,4091505,0,,N,AAPL,
20190102,10:00:01.572316343,Z,155.09,4,155.14,2,R,4091506,0,,N,AAPL,
20190102,10:00:01.572323732,Z,155.09,4,155.14,4,R,4091507,2,,N,AAPL,
20190102,10:00:01.572599337,P,155.11,4,155.14,3,R,4091508,0,,N,AAPL,
20190102,10:00:01.601986813,P,155.11,4,155.14,2,R,4091553,0,,N,AAPL,
20190102,10:00:01.602012445,Z,155.09,4,155.14,2,R,4091554,2,,N,AAPL,
20190102,10:00:01.602111582,N,155.11,5,155.15,11,R,4091555,0,,N,AAPL,
20190102,10:00:01.613627102,Z,155.09,4,155.14,1,R,4091569,0,,N,AAPL,
20190102,10:00:01.613895720,P,155.11,4,155.14,2,R,4091570,0,,N,AAPL,
20190102,10:00:01.613908674,P,155.11,4,155.14,1,R,4091571,2,,N,AAPL,
20190102,10:00:01.613927139,N,155.1,6,155.15,11,R,4091572,0,,N,AAPL,
20190102,10:00:01.690676558,N,155.1,6,155.15,5,R,4091683,0,,N,AAPL,
20190102,10:00:01.690728092,X,155.11,1,155.16,3,R,4091684,0,,N,AAPL,
20190102,10:00:01.691464584,P,155.11,1,155.14,1,R,4091687,0,,N,AAPL,
20190102,10:00:01.692124238,B,154.95,1,155.17,1,R,4091692,0,,N,AAPL,
20190102,10:00:01.692167031,Q,155.11,1,155.15,7,R,4091693,2,,N,AAPL,
20190102,10:00:01.692713286,P,155.1,8,155.14,1,R,4091700,2,,N,AAPL,
20190102,10:00:01.692734870,P,155.1,7,155.14,1,R,4091702,0,,N,AAPL,
20190102,10:00:01.692782598,P,155.11,1,155.14,1,R,4091706,0,,N,AAPL,
20190102,10:00:01.692814416,P,155.1,7,155.14,1,R,4091707,0,,N,AAPL,
20190102,10:00:01.693011030,Z,155.09,4,155.14,2,R,4091713,2,,N,AAPL,
20190102,10:00:01.705958469,Z,155.09,4,155.14,1,R,4091784,2,,N,AAPL,
20190102,10:00:01.738085265,P,155.1,7,155.14,1,R,4091857,0,,N,AAPL,
20190102,10:00:01.800060660,Z,155.09,4,155.14,2,R,4091906,2,,N,AAPL,
20190102,10:00:01.800559271,P,155.1,6,155.14,1,R,4091919,0,,N,AAPL,
20190102,10:00:01.855107055,P,155.1,3,155.14,1,R,4092005,0,,N,AAPL,
20190102,10:00:01.855176350,P,155.1,4,155.14,1,R,4092006,0,,N,AAPL,
20190102,10:00:02.033345943,X,155.09,3,155.16,3,R,4092224,2,,N,AAPL,
20190102,10:00:02.033435789,Q,155.09,5,155.15,7,R,4092229,2,,N,AAPL,
20190102,10:00:02.033474006,Q,155.09,5,155.15,8,R,4092231,0,,N,AAPL,
20190102,10:00:02.034158819,P,155.1,1,155.14,1,R,4092253,0,,N,AAPL,
20190102,10:00:02.034222015,N,155.09,7,155.15,5,R,4092255,2,,N,AAPL,
20190102,10:00:02.034244674,Z,155.09,3,155.14,2,R,4092256,0,,N,AAPL,
20190102,10:00:02.034291522,C,146.88,1,155.14,1,R,4092258,0,,N,AAPL,
20190102,10:00:02.034302086,C,146.88,1,155.14,2,R,4092259,0,,N,AAPL,
20190102,10:00:02.034307160,V,154.5,2,155.14,1,R,4092260,0,,N,AAPL,
20190102,10:00:02.034411201,V,154.5,2,155.15,1,R,4092262,0,,N,AAPL,
20190102,10:00:02.034655096,V,154.5,2,179.53,1,R,4092266,0,,N,AAPL,
20190102,10:00:02.034678826,V,154.5,2,155.14,1,R,4092267,0,,N,AAPL,
20190102,10:00:02.034747265,C,146.88,1,155.14,1,R,4092268,0,,N,AAPL,
20190102,10:00:02.034757432,C,146.88,1,155.15,1,R,4092269,0,,N,AAPL,
20190102,10:00:02.034776870,C,146.88,1,155.15,2,R,4092271,0,,N,AAPL,
20190102,10:00:02.034893277,Q,155.1,1,155.15,8,R,4092274,0,,N,AAPL,
20190102,10:00:02.035078625,V,154.5,2,155.15,1,R,4092276,0,,N,AAPL,
20190102,10:00:02.035216610,V,154.5,2,155.14,1,R,4092277,0,,N,AAPL,
20190102,10:00:02.035664732,P,155.1,1,155.14,1,R,4092282,0,,N,AAPL,
20190102,10:00:02.035672724,V,154.5,2,155.15,1,R,4092283,0,,N,AAPL,
20190102,10:00:02.036087076,Q,155.09,5,155.15,8,R,4092284,0,,N,AAPL,
20190102,10:00:02.036124005,V,154.5,2,155.14,1,R,4092285,0,,N,AAPL,
20190102,10:00:02.042704414,V,154.5,2,155.14,2,R,4092290,0,,N,AAPL,
20190102,10:00:02.058560916,P,155.1,1,155.14,1,R,4092330,0,,N,AAPL,
20190102,10:00:02.126647862,Q,155.09,5,155.15,7,R,4092457,0,,N,AAPL,
20190102,10:00:02.142028357,C,146.88,1,155.14,1,R,4092473,0,,N,AAPL,
20190102,10:00:02.146507086,C,146.88,1,155.15,1,R,4092475,0,,N,AAPL,
20190102,10:00:02.146519824,C,146.88,1,155.15,2,R,4092476,0,,N,AAPL,
20190102,10:00:02.146550110,V,154.5,2,155.14,1,R,4092477,0,,N,AAPL,
20190102,10:00:02.146989849,V,154.5,2,155.15,2,R,4092480,0,,N,AAPL,
20190102,10:00:02.255195517,Z,155.09,3,155.14,1,R,4092565,2,,N,AAPL,
20190102,10:00:02.255285428,Z,155.09,4,155.14,1,R,4092567,2,,N,AAPL,
20190102,10:00:02.255566668,C,155.1,1,155.15,2,R,4092581,0,,N,AAPL,
20190102,10:00:02.255597448,C,155.1,1,155.15,1,R,4092585,0,,N,AAPL,
20190102,10:00:02.255620506,C,155.1,2,155.15,1,R,4092587,2,,N,AAPL,
20190102,10:00:02.255654655,P,155.1,1,155.14,1,R,4092591,0,,N,AAPL,
20190102,10:00:02.255720250,V,155.1,1,155.15,2,R,4092596,0,,N,AAPL,
20190102,10:00:02.255728524,C,155.1,2,162.67,1,R,4092598,0,,N,AAPL,
20190102,10:00:02.255767834,V,155.1,2,155.15,2,R,4092604,0,,N,AAPL,
20190102,10:00:02.256092370,V,155.1,2,155.15,1,R,4092628,0,,N,AAPL,
20190102,10:00:02.256439471,N,155.1,11,155.15,5,R,4092639,2,,N,AAPL,
20190102,10:00:02.256643210,N,155.1,12,155.15,5,R,4092656,2,,N,AAPL,
20190102,10:00:02.256695548,Q,155.1,5,155.15,7,R,4092658,0,,N,AAPL,
20190102,10:00:02.256730068,Q,155.1,5,155.15,6,R,4092662,0,,N,AAPL,
20190102,10:00:02.256900187,V,155.1,2,179.53,1,R,4092672,0,,N,AAPL,
20190102,10:00:02.257042489,Y,155.09,1,155.17,1,R,4092677,0,,N,AAPL,
20190102,10:00:02.257096684,Z,155.09,4,155.15,2,R,4092679,0,,N,AAPL,
20190102,10:00:02.257177309,Z,155.09,4,155.15,3,R,4092680,0,,N,AAPL,
20190102,10:00:02.257206810,Z,155.09,4,155.14,1,R,4092683,0,,N,AAPL,
20190102,10:00:02.257295080,N,155.1,11,155.15,5,R,4092689,2,,N,AAPL,
20190102,10:00:02.257297410,P,155.1,4,155.14,1,R,4092690,2,,N,AAPL,
20190102,10:00:02.257370099,P,155.1,4,155.16,6,R,4092695,0,,N,AAPL,
20190102,10:00:02.257982998,Y,155.09,1,155.17,1,R,4092708,0,,N,AAPL,
20190102,10:00:02.257988224,Q,155.09,5,155.15,6,R,4092709,0,,N,AAPL,
20190102,10:00:02.258001595,Z,155.09,4,155.14,3,R,4092710,2,,N,AAPL,
20190102,10:00:02.258019045,Q,155.09,5,155.14,10,R,4092712,2,,N,AAPL,
20190102,10:00:02.258023017,Z,155.09,4,155.14,4,R,4092713,0,,N,AAPL,
20190102,10:00:02.258055560,Q,155.09,5,155.14,11,R,4092715,2,,N,AAPL,
20190102,10:00:02.258154166,Q,155.09,5,155.14,10,R,4092716,2,,N,AAPL,
20190102,10:00:02.258381743,C,155.1,1,162.67,1,R,4092721,0,,N,AAPL,
20190102,10:00:02.258382768,K,155.09,1,155.14,1,R,4092722,0,,N,AAPL,
20190102,10:00:02.258392691,K,155.09,1,155.16,5,R,4092723,0,,N,AAPL,
20190102,10:00:02.258420161,P,155.1,4,155.16,6,R,4092724,0,,N,AAPL,
20190102,10:00:02.258420512,C,155.09,1,162.67,1,R,4092725,0,,N,AAPL,
20190102,10:00:02.258430518,C,155.09,2,162.67,1,R,4092726,0,,N,AAPL,
20190102,10:00:02.258439543,P,155.1,1,155.16,6,R,4092727,0,,N,AAPL,
20190102,10:00:02.258459634,P,155.1,1,155.15,6,R,4092730,0,,N,AAPL,
20190102,10:00:02.258508368,K,155.09,1,155.14,3,R,4092732,0,,N,AAPL,
20190102,10:00:02.258511238,P,155.1,1,155.15,6,R,4092733,0,,N,AAPL,
20190102,10:00:02.258520182,K,155.09,1,155.16,5,R,4092734,0,,N,AAPL,
20190102,10:00:02.258540861,P,155.1,1,155.15,7,R,4092735,0,,N,AAPL,
20190102,10:00:02.258600494,N,155.09,7,155.15,5,R,4092737,2,,N,AAPL,
20190102,10:00:02.258600859,V,155.1,1,179.53,1,R,4092738,2,,N,AAPL,
20190102,10:00:02.258613003,K,155.09,1,155.14,4,R,4092739,0,,N,AAPL,
20190102,10:00:02.258646899,K,155.09,1,155.16,5,R,4092741,0,,N,AAPL,
20190102,10:00:02.258655144,P,155.1,1,155.14,6,R,4092742,0,,N,AAPL,
20190102,10:00:02.258659515,Q,155.09,5,155.14,11,R,4092743,2,,N,AAPL,
20190102,10:00:02.258665467,C,155.09,2,155.14,1,R,4092745,0,,N,AAPL,
20190102,10:00:02.258675506,C,155.09,2,155.14,2,R,4092746,0,,N,AAPL,
20190102,10:00:02.258721282,Y,155.09,1,155.17,1,R,4092747,0,,N,AAPL,
20190102,10:00:02.258728081,K,155.09,1,155.14,4,R,4092749,0,,N,AAPL,
20190102,10:00:02.258732503,V,155.09,2,179.53,1,R,4092750,2,,N,AAPL,
20190102,10:00:02.258755719,K,155.09,1,155.16,5,R,4092751,0,,N,AAPL,
20190102,10:00:02.258757640,Y,155.09,1,155.17,1,R,4092752,0,,N,AAPL,
20190102,10:00:02.258847221,K,155.09,1,155.14,3,R,4092755,0,,N,AAPL,
20190102,10:00:02.258864517,K,155.09,1,155.16,5,R,4092756,0,,N,AAPL,
20190102,10:00:02.258895865,C,155.09,1,155.14,2,R,4092758,0,,N,AAPL,
20190102,10:00:02.258954774,K,155.09,1,155.14,4,R,4092760,0,,N,AAPL,
20190102,10:00:02.258989559,K,155.09,1,155.16,5,R,4092761,0,,N,AAPL,
20190102,10:00:02.259046458,V,155.09,2,155.14,1,R,4092762,0,,N,AAPL,
20190102,10:00:02.259071469,K,155.09,1,155.14,4,R,4092763,0,,N,AAPL,
20190102,10:00:02.259087068,V,155.09,2,155.14,2,R,4092765,0,,N,AAPL,
20190102,10:00:02.259101028,K,155.09,1,155.16,5,R,4092766,0,,N,AAPL,
20190102,10:00:02.259107577,V,155.09,1,155.14,2,R,4092767,0,,N,AAPL,
20190102,10:00:02.259183349,K,155.09,1,155.14,4,R,4092768,0,,N,AAPL,
20190102,10:00:02.259207535,K,155.09,1,155.16,5,R,4092769,0,,N,AAPL,
20190102,10:00:02.259280815,K,155.09,1,155.14,3,R,4092770,0,,N,AAPL,
20190102,10:00:02.259314014,K,155.09,1,155.16,5,R,4092772,0,,N,AAPL,
20190102,10:00:02.259386052,K,155.09,1,155.15,4,R,4092773,0,,N,AAPL,
20190102,10:00:02.259396597,K,155.09,1,155.16,5,R,4092774,0,,N,AAPL,
20190102,10:00:02.259492249,K,155.09,1,155.15,4,R,4092775,0,,N,AAPL,
20190102,10:00:02.259502651,K,155.09,1,155.16,5,R,4092776,0,,N,AAPL,
20190102,10:00:02.261264072,C,146.88,1,155.14,2,R,4092783,0,,N,AAPL,
20190102,10:00:02.261400412,V,154.5,2,155.14,2,R,4092784,0,,N,AAPL,
20190102,10:00:02.265063349,C,146.88,1,155.14,1,R,4092797,0,,N,AAPL,
20190102,10:00:02.267364900,C,146.88,1,155.15,1,R,4092806,0,,N,AAPL,
20190102,10:00:02.267375685,C,146.88,1,155.15,2,R,4092807,0,,N,AAPL,
20190102,10:00:02.269738781,C,146.88,1,155.14,1,R,4092821,0,,N,AAPL,
20190102,10:00:02.269750001,C,146.88,1,155.14,2,R,4092822,0,,N,AAPL,
20190102,10:00:02.270095490,Y,155.09,1,155.17,1,R,4092828,0,,N,AAPL,
20190102,10:00:02.271131887,C,146.88,1,155.14,1,R,4092836,0,,N,AAPL,
20190102,10:00:02.271223580,Y,155.09,1,155.17,1,R,4092837,0,,N,AAPL,
20190102,10:00:02.280506787,C,146.88,1,155.14,2,R,4092849,0,,N,AAPL,
20190102,10:00:02.297169393,P,155.1,1,155.14,6,R,4092882,0,,N,AAPL,
20190102,10:00:02.297228229,P,155.1,1,155.14,6,R,4092883,0,,N,AAPL,
20190102,10:00:02.383323272,P,155.1,1,155.14,3,R,4092963,0,,N,AAPL,
20190102,10:00:02.383393449,P,155.1,1,155.14,4,R,4092964,0,,N,AAPL,
20190102,10:00:02.420678551,C,146.88,1,155.14,1,R,4092995,0,,N,AAPL,
20190102,10:00:02.420690446,C,146.88,1,155.15,1,R,4092996,0,,N,AAPL,
20190102,10:00:02.420698706,C,146.88,1,155.15,2,R,4092997,0,,N,AAPL,
20190102,10:00:02.420876683,P,155.1,1,155.14,1,R,4092998,0,,N,AAPL,
20190102,10:00:02.542935812,C,146.88,1,155.14,1,R,4093061,0,,N,AAPL,
20190102,10:00:02.543141392,C,146.88,1,155.14,2,R,4093065,0,,N,AAPL,
20190102,10:00:02.592010789,Q,155.09,5,155.14,1,R,4093121,2,,N,AAPL,
20190102,10:00:02.592382842,Z,155.09,3,155.14,4,R,4093122,0,,N,AAPL,
20190102,10:00:02.592600771,C,146.88,1,155.14,1,R,4093128,0,,N,AAPL,
20190102,10:00:02.592610534,C,146.88,1,155.15,1,R,4093129,0,,N,AAPL,
20190102,10:00:02.592620781,C,146.88,1,155.15,2,R,4093130,0,,N,AAPL,
20190102,10:00:02.592688382,Z,155.09,3,155.14,2,R,4093132,2,,N,AAPL,
20190102,10:00:02.593198441,V,154.5,2,155.14,1,R,4093135,0,,N,AAPL,
20190102,10:00:02.593232461,V,154.5,2,155.15,2,R,4093136,0,,N,AAPL,
20190102,10:00:02.593412644,Q,155.1,1,155.14,1,R,4093138,0,,N,AAPL,
20190102,10:00:02.594089009,Q,155.09,5,155.14,1,R,4093140,0,,N,AAPL,
20190102,10:00:02.596006011,C,146.88,1,155.14,1,R,4093150,0,,N,AAPL,
20190102,10:00:02.596059925,V,154.5,2,155.14,1,R,4093151,0,,N,AAPL,
20190102,10:00:02.596102660,C,146.88,1,155.14,2,R,4093152,0,,N,AAPL,
20190102,10:00:02.596121853,V,154.5,2,155.14,2,R,4093153,0,,N,AAPL,
20190102,10:00:02.596262506,C,146.88,1,155.14,1,R,4093156,0,,N,AAPL,
20190102,10:00:02.596315790,C,146.88,1,155.15,1,R,4093158,0,,N,AAPL,
20190102,10:00:02.596335659,C,146.88,1,155.15,2,R,4093160,0,,N,AAPL,
20190102,10:00:02.596563189,V,154.5,2,155.14,1,R,4093163,0,,N,AAPL,
20190102,10:00:02.607776314,P,155.1,1,155.14,1,R,4093183,0,,N,AAPL,
20190102,10:00:02.607804559,P,155.1,1,155.14,1,R,4093184,0,,N,AAPL,
20190102,10:00:02.608754025,V,154.5,2,155.15,2,R,4093186,0,,N,AAPL,
20190102,10:00:02.643872251,V,154.5,2,155.14,1,R,4093232,0,,N,AAPL,
20190102,10:00:02.645121945,V,154.5,2,155.15,2,R,4093237,0,,N,AAPL,
20190102,10:00:02.770003158,V,154.5,2,155.14,1,R,4093335,0,,N,AAPL,
20190102,10:00:02.770209518,V,154.5,2,155.15,1,R,4093336,0,,N,AAPL,
20190102,10:00:02.770502927,V,154.5,2,155.14,1,R,4093340,0,,N,AAPL,
20190102,10:00:02.772008136,Q,155.1,1,155.14,1,R,4093347,0,,N,AAPL,
20190102,10:00:02.780987255,V,154.5,2,155.14,2,R,4093350,0,,N,AAPL,
20190102,10:00:02.785304681,V,154.5,2,155.14,1,R,4093358,0,,N,AAPL,
20190102,10:00:02.785334383,V,154.5,2,155.15,2,R,4093359,0,,N,AAPL,
20190102,10:00:02.785785671,V,154.5,2,155.15,1,R,4093360,0,,N,AAPL,
20190102,10:00:02.785802622,V,154.5,2,179.53,1,R,4093361,0,,N,AAPL,
20190102,10:00:02.786090503,V,154.5,2,155.14,1,R,4093362,0,,N,AAPL,
20190102,10:00:02.786133283,V,154.5,2,155.14,2,R,4093363,0,,N,AAPL,
20190102,10:00:02.800612736,Q,155.09,5,155.14,1,R,4093376,0,,N,AAPL,
20190102,10:00:02.873629441,X,155.08,3,155.16,3,R,4093403,0,,N,AAPL,
20190102,10:00:02.873925991,C,146.88,1,155.14,1,R,4093404,0,,N,AAPL,
20190102,10:00:02.873936162,C,146.88,1,155.14,2,R,4093405,0,,N,AAPL,
20190102,10:00:02.904720557,Q,155.09,4,155.14,1,R,4093715,0,,N,AAPL,
20190102,10:00:02.904960327,P,155.09,5,155.14,1,R,4093720,2,,N,AAPL,
20190102,10:00:02.905097276,P,155.09,5,155.14,1,R,4093729,0,,N,AAPL,
20190102,10:00:02.905455963,P,155.09,2,155.14,1,R,4093771,0,,N,AAPL,
20190102,10:00:02.905516322,Y,155.09,1,155.17,1,R,4093775,0,,N,AAPL,
20190102,10:00:02.906035358,P,155.09,2,155.14,1,R,4093827,0,,N,AAPL,
20190102,10:00:02.920905617,Y,155.09,1,155.17,1,R,4093936,0,,N,AAPL,
20190102,10:00:02.961195934,Q,155.1,1,155.14,1,R,4093996,2,,N,AAPL,
20190102,10:00:02.961805202,P,155.09,5,155.14,1,R,4093997,0,,N,AAPL,
20190102,10:00:02.961840859,P,155.09,5,155.14,1,R,4093998,0,,N,AAPL,
20190102,10:00:02.962334750,P,155.09,5,155.14,1,R,4093999,0,,N,AAPL,
20190102,10:00:03.000485863,Y,155.09,1,155.17,1,R,4094178,0,,N,AAPL,
20190102,10:00:03.103942621,Q,155.1,1,155.14,5,R,4094324,4,,N,AAPL,
20190102,10:00:03.103942987,Z,155.09,3,155.14,4,R,4094325,0,,N,AAPL,
20190102,10:00:03.103976642,Q,155.1,1,155.14,6,R,4094326,4,,N,AAPL,
20190102,10:00:03.104287008,P,155.09,2,155.14,1,R,4094327,0,,N,AAPL,
20190102,10:00:03.104316896,Z,155.09,3,155.13,4,R,4094328,2,,N,AAPL,
20190102,10:00:03.104331534,Q,155.1,1,155.13,11,R,4094329,4,,N,AAPL,
20190102,10:00:03.104332927,P,155.09,2,155.14,4,R,4094330,0,,N,AAPL,
20190102,10:00:03.104363710,P,155.09,5,155.14,4,R,4094331,0,,N,AAPL,
20190102,10:00:03.104366274,Q,155.1,1,155.13,12,R,4094332,4,,N,AAPL,
20190102,10:00:03.104375288,B,154.95,1,155.3,1,R,4094333,0,,N,AAPL,
20190102,10:00:03.104399330,Y,155.09,1,155.17,1,R,4094334,0,,N,AAPL,
20190102,10:00:03.104405241,Y,155.09,1,155.45,1,R,4094335,0,,N,AAPL,
20190102,10:00:03.104416975,J,155.09,1,155.4,1,R,4094336,0,,N,AAPL,
20190102,10:00:03.104425371,Z,155.09,3,155.12,1,R,4094337,2,,N,AAPL,
20190102,10:00:03.104636104,Y,154.99,1,155.45,1,R,4094338,0,,N,AAPL,
20190102,10:00:03.104655341,J,154.95,1,155.4,1,R,4094339,0,,N,AAPL,
20190102,10:00:03.104677035,K,155.09,1,155.13,1,R,4094340,0,,N,AAPL,
20190102,10:00:03.104729352,B,154.95,1,155.26,1,R,4094341,0,,N,AAPL,
20190102,10:00:03.104799912,K,155.09,1,155.13,5,R,4094342,0,,N,AAPL,
20190102,10:00:03.104876031,V,154.5,2,155.13,1,R,4094343,0,,N,AAPL,
20190102,10:00:03.104920132,P,155.09,5,155.13,1,R,4094344,0,,N,AAPL,
20190102,10:00:03.104930600,P,155.09,5,155.13,8,R,4094345,0,,N,AAPL,
20190102,10:00:03.104962839,Z,155.09,3,155.12,3,R,4094346,2,,N,AAPL,
20190102,10:00:03.104992936,P,155.09,5,155.13,9,R,4094347,0,,N,AAPL,
20190102,10:00:03.105228946,P,155.09,5,155.13,9,R,4094348,0,,N,AAPL,
20190102,10:00:03.166497480,Z,155.09,3,155.12,1,R,4094443,2,,N,AAPL,
20190102,10:00:03.166849027,P,155.09,2,155.13,9,R,4094449,0,,N,AAPL,
20190102,10:00:03.167169389,P,155.09,4,155.13,9,R,4094457,0,,N,AAPL,
20190102,10:00:03.167680692,V,154.5,2,155.14,1,R,4094469,0,,N,AAPL,
20190102,10:00:03.212423029,P,155.09,4,155.13,5,R,4094501,0,,N,AAPL,
20190102,10:00:03.230529889,Z,155.09,3,155.12,2,R,4094510,2,,N,AAPL,
20190102,10:00:03.230709289,Q,155.08,6,155.13,12,R,4094512,2,,N,AAPL,
20190102,10:00:03.230758453,Q,155.08,6,155.12,9,R,4094513,2,,N,AAPL,
20190102,10:00:03.230777618,Q,155.08,6,155.12,10,R,4094514,2,,N,AAPL,
20190102,10:00:03.230790985,Q,155.08,6,155.12,11,R,4094515,2,,N,AAPL,
20190102,10:00:03.230913342,P,155.09,2,155.13,5,R,4094517,0,,N,AAPL,
20190102,10:00:03.230961356,N,155.09,1,155.15,5,R,4094518,2,,N,AAPL,
20190102,10:00:03.231012207,Z,155.09,1,155.12,2,R,4094519,2,,N,AAPL,
20190102,10:00:03.231047718,Z,155.09,1,155.12,4,R,4094520,0,,N,AAPL,
20190102,10:00:03.231068392,K,155.09,1,155.12,8,R,4094521,0,,N,AAPL,
20190102,10:00:03.231095684,Y,154.99,1,155.45,1,R,4094522,0,,N,AAPL,
20190102,10:00:03.231122294,Z,155.08,1,155.12,4,R,4094523,0,,N,AAPL,
20190102,10:00:03.231138656,Y,154.99,1,155.45,1,R,4094524,0,,N,AAPL,
20190102,10:00:03.231144516,Y,154.99,1,155.45,1,R,4094525,0,,N,AAPL,
20190102,10:00:03.231146948,K,155.07,5,155.12,9,R,4094526,0,,N,AAPL,
20190102,10:00:03.231172060,K,155.06,1,155.12,9,R,4094527,0,,N,AAPL,
20190102,10:00:03.231187880,Z,155.08,1,155.11,4,R,4094528,2,,N,AAPL,
20190102,10:00:03.231203467,Z,155.08,2,155.11,4,R,4094529,0,,N,AAPL,
20190102,10:00:03.231213197,Z,155.08,3,155.11,4,R,4094530,0,,N,AAPL,
20190102,10:00:03.231265763,Z,155.08,3,155.11,5,R,4094531,2,,N,AAPL,
20190102,10:00:03.231269596,K,155.06,1,155.11,7,R,4094532,2,,N,AAPL,
20190102,10:00:03.231270777,Z,155.08,2,155.11,5,R,4094533,0,,N,AAPL,
20190102,10:00:03.231295285,P,155.09,1,155.13,5,R,4094534,2,,N,AAPL,
20190102,10:00:03.231346347,P,155.09,1,155.12,1,R,4094535,0,,N,AAPL,
20190102,10:00:03.231393316,P,155.09,1,155.12,7,R,4094536,0,,N,AAPL,
20190102,10:00:03.231417939,P,155.09,1,155.12,8,R,4094537,0,,N,AAPL,
20190102,10:00:03.231538967,Q,155.08,6,155.11,11,R,4094538,2,,N,AAPL,
20190102,10:00:03.231539326,P,155.09,1,155.11,6,R,4094539,0,,N,AAPL,
20190102,10:00:03.231568733,Q,155.08,6,155.11,12,R,4094540,2,,N,AAPL,
20190102,10:00:03.231604516,P,155.09,1,155.11,7,R,4094541,0,,N,AAPL,
20190102,10:00:03.231616322,Q,155.08,2,155.11,12,R,4094542,0,,N,AAPL,
20190102,10:00:03.231616684,P,155.08,4,155.11,7,R,4094543,0,,N,AAPL,
20190102,10:00:03.231622776,X,155.06,3,155.16,3,R,4094544,0,,N,AAPL,
20190102,10:00:03.231649782,B,155.06,3,155.26,1,R,4094545,0,,N,AAPL,
20190102,10:00:03.231650827,Q,155.08,1,155.11,12,R,4094546,0,,N,AAPL,
20190102,10:00:03.231654949,X,155.06,6,155.16,3,R,4094547,0,,N,AAPL,
20190102,10:00:03.231658379,X,155.07,3,155.16,3,R,4094548,0,,N,AAPL,
20190102,10:00:03.231673618,V,154.5,2,155.12,1,R,4094549,0,,N,AAPL,
20190102,10:00:03.231679243,X,155.06,6,155.16,3,R,4094550,0,,N,AAPL,
20190102,10:00:03.231711733,X,155.07,2,155.16,3,R,4094551,0,,N,AAPL,
20190102,10:00:03.231847578,Z,155.08,1,155.11,5,R,4094552,0,,N,AAPL,
20190102,10:00:03.231944726,Z,155.08,1,155.1,1,R,4094553,2,,N,AAPL,
20190102,10:00:03.232041442,Z,155.08,1,155.1,3,R,4094554,2,,N,AAPL,
20190102,10:00:03.232225500,P,155.08,1,155.11,7,R,4094555,0,,N,AAPL,
20190102,10:00:03.261068647,Y,154.99,1,155.45,1,R,4094571,0,,N,AAPL,
20190102,10:00:03.261150436,Z,155.08,1,155.1,1,R,4094573,2,,N,AAPL,
20190102,10:00:03.261151097,Q,155.08,1,155.11,11,R,4094574,0,,N,AAPL,
20190102,10:00:03.261319968,P,155.08,2,155.11,7,R,4094576,0,,N,AAPL,
20190102,10:00:03.261329438,P,155.08,1,155.11,7,R,4094577,0,,N,AAPL,
20190102,10:00:03.261384807,P,155.08,2,155.11,7,R,4094578,0,,N,AAPL,
20190102,10:00:03.261396528,P,155.08,1,155.11,7,R,4094579,0,,N,AAPL,
20190102,10:00:03.261459351,Z,155.08,1,155.11,4,R,4094580,2,,N,AAPL,
20190102,10:00:03.261538660,P,155.08,1,155.11,6,R,4094581,0,,N,AAPL,
20190102,10:00:03.261546195,Q,155.08,1,155.12,10,R,4094582,2,,N,AAPL,
20190102,10:00:03.261656255,Q,155.08,1,155.11,1,R,4094583,0,,N,AAPL,
20190102,10:00:03.261687731,Q,155.08,1,155.11,2,R,4094584,0,,N,AAPL,
20190102,10:00:03.261695809,Y,155.06,1,155.45,1,R,4094585,0,,N,AAPL,
20190102,10:00:03.261701503,K,155.06,2,155.11,7,R,4094586,0,,N,AAPL,
20190102,10:00:03.261710887,Q,155.08,1,155.11,1,R,4094587,0,,N,AAPL,
20190102,10:00:03.261712913,J,155.06,1,155.4,1,R,4094588,0,,N,AAPL,
20190102,10:00:03.261742779,Q,155.08,1,155.11,2,R,4094589,0,,N,AAPL,
20190102,10:00:03.261760717,Q,155.08,1,155.11,3,R,4094590,0,,N,AAPL,
20190102,10:00:03.261832841,P,155.08,2,155.11,6,R,4094591,0,,N,AAPL,
20190102,10:00:03.261902657,P,155.08,2,155.12,8,R,4094592,0,,N,AAPL,
20190102,10:00:03.330118310,V,154.5,2,179.53,1,R,4094784,0,,N,AAPL,
20190102,10:00:03.341687464,Z,155.08,1,155.11,2,R,4094796,0,,N,AAPL,
20190102,10:00:03.341825171,K,155.06,2,155.11,3,R,4094797,2,,N,AAPL,
20190102,10:00:03.341878068,P,155.08,2,155.12,7,R,4094798,0,,N,AAPL,
20190102,10:00:03.658567511,Q,155.09,1,155.11,3,R,4095084,0,,N,AAPL,
20190102,10:00:03.658569103,K,155.06,2,155.12,4,R,4095085,2,,N,AAPL,
20190102,10:00:03.658598541,Q,155.09,2,155.11,3,R,4095086,4,,N,AAPL,
20190102,10:00:03.658627389,Q,155.09,1,155.11,3,R,4095088,2,,N,AAPL,
20190102,10:00:03.658658623,Z,155.08,2,155.11,2,R,4095089,0,,N,AAPL,
20190102,10:00:03.658660439,Q,155.08,6,155.11,3,R,4095090,0,,N,AAPL,
20190102,10:00:03.658666078,K,155.07,1,155.12,4,R,4095091,0,,N,AAPL,
20190102,10:00:03.658670461,Y,155.08,1,155.45,1,R,4095092,0,,N,AAPL,
20190102,10:00:03.658674206,Z,155.09,1,155.11,2,R,4095093,0,,N,AAPL,
20190102,10:00:03.658688213,J,155.08,1,155.4,1,R,4095094,0,,N,AAPL,
20190102,10:00:03.658695734,Z,155.09,1,155.12,4,R,4095095,0,,N,AAPL,
20190102,10:00:03.658706525,K,155.07,10,155.12,4,R,4095096,0,,N,AAPL,
20190102,10:00:03.658714841,Q,155.08,6,155.11,2,R,4095097,2,,N,AAPL,
20190102,10:00:03.658718060,Q,155.08,6,155.11,1,R,4095098,2,,N,AAPL,
20190102,10:00:03.658755655,Q,155.09,1,155.11,1,R,4095099,0,,N,AAPL,
20190102,10:00:03.658760079,Q,155.09,1,155.12,4,R,4095100,2,,N,AAPL,
20190102,10:00:03.658760435,Z,155.09,2,155.12,4,R,4095101,2,,N,AAPL,
20190102,10:00:03.658771663,Z,155.09,1,155.12,4,R,4095102,2,,N,AAPL,
20190102,10:00:03.658785279,Q,155.09,2,155.12,4,R,4095103,2,,N,AAPL,
20190102,10:00:03.658805617,Q,155.09,1,155.12,4,R,4095104,2,,N,AAPL,
20190102,10:00:03.658829651,Q,155.1,1,155.12,4,R,4095105,2,,N,AAPL,
20190102,10:00:03.658832603,K,155.08,9,155.12,4,R,4095106,0,,N,AAPL,
20190102,10:00:03.658843494,Q,155.1,2,155.12,4,R,4095107,2,,N,AAPL,
20190102,10:00:03.658856445,B,149.24,1,155.26,1,R,4095108,0,,N,AAPL,
20190102,10:00:03.658915401,K,155.09,1,155.12,4,R,4095109,0,,N,AAPL,
20190102,10:00:03.658926200,K,155.08,9,155.12,4,R,4095110,0,,N,AAPL,
20190102,10:00:03.658955007,P,155.09,1,155.12,7,R,4095111,0,,N,AAPL,
20190102,10:00:03.658997734,Y,155.06,1,155.45,1,R,4095112,0,,N,AAPL,
20190102,10:00:03.659005172,J,155.06,1,155.4,1,R,4095113,0,,N,AAPL,
20190102,10:00:03.659014673,Z,155.09,1,155.12,3,R,4095114,0,,N,AAPL,
20190102,10:00:03.659021143,P,155.09,2,155.12,7,R,4095115,0,,N,AAPL,
20190102,10:00:03.659032395,Z,155.09,2,155.12,2,R,4095116,0,,N,AAPL,
20190102,10:00:03.659044272,P,155.09,1,155.12,7,R,4095117,0,,N,AAPL,
20190102,10:00:03.659068980,P,155.09,2,155.12,7,R,4095118,0,,N,AAPL,
20190102,10:00:03.659091777,P,155.09,1,155.12,7,R,4095120,0,,N,AAPL,
20190102,10:00:03.659112105,P,155.08,5,155.12,7,R,4095121,0,,N,AAPL,
20190102,10:00:03.659129242,Z,155.09,2,155.12,2,R,4095122,0,,N,AAPL,
20190102,10:00:03.659138719,Y,155.06,1,155.45,1,R,4095123,0,,N,AAPL,
20190102,10:00:03.659157848,P,155.09,1,155.12,7,R,4095124,0,,N,AAPL,
20190102,10:00:03.659159455,Z,155.09,4,155.12,2,R,4095125,0,,N,AAPL,
20190102,10:00:03.659160137,Q,155.1,2,155.13,13,R,4095126,0,,N,AAPL,
20190102,10:00:03.659166478,K,155.08,9,155.12,4,R,4095127,0,,N,AAPL,
20190102,10:00:03.659202546,Y,154.99,1,155.45,1,R,4095129,0,,N,AAPL,
20190102,10:00:03.659211530,J,154.95,1,155.4,1,R,4095130,0,,N,AAPL,
20190102,10:00:03.659217974,B,155.08,1,155.26,1,R,4095131,0,,N,AAPL,
20190102,10:00:03.659224744,X,155.08,1,155.16,3,R,4095132,0,,N,AAPL,
20190102,10:00:03.659235105,K,155.08,9,155.13,4,R,4095133,0,,N,AAPL,
20190102,10:00:03.659267607,K,155.09,3,155.13,4,R,4095134,0,,N,AAPL,
20190102,10:00:03.659277114,X,155.08,4,155.16,3,R,4095135,0,,N,AAPL,
20190102,10:00:03.659279693,X,155.09,6,155.16,3,R,4095136,0,,N,AAPL,
20190102,10:00:03.659318632,P,155.1,1,155.12,7,R,4095137,0,,N,AAPL,
20190102,10:00:03.659340247,P,155.1,1,155.12,6,R,4095138,2,,N,AAPL,
20190102,10:00:03.659415529,Q,155.1,2,155.13,12,R,4095139,0,,N,AAPL,
20190102,10:00:03.659426160,P,155.1,1,155.13,5,R,4095140,2,,N,AAPL,
20190102,10:00:03.659470598,N,155.09,6,155.15,5,R,4095141,0,,N,AAPL,
20190102,10:00:03.659484842,N,155.09,1,155.15,5,R,4095142,0,,N,AAPL,
20190102,10:00:03.659500101,P,155.1,2,155.13,5,R,4095143,0,,N,AAPL,
20190102,10:00:03.659510435,P,155.1,2,155.13,4,R,4095144,0,,N,AAPL,
20190102,10:00:03.659511688,N,155.09,5,155.15,5,R,4095145,0,,N,AAPL,
20190102,10:00:03.659528398,N,155.09,1,155.15,5,R,4095146,0,,N,AAPL,
20190102,10:00:03.659565049,N,155.09,5,155.15,5,R,4095147,0,,N,AAPL,
20190102,10:00:03.659567183,Y,155.08,1,155.45,1,R,4095148,0,,N,AAPL,
20190102,10:00:03.659576203,J,155.08,1,155.4,1,R,4095149,0,,N,AAPL,
20190102,10:00:03.659735729,Z,155.09,4,155.13,4,R,4095151,2,,N,AAPL,
20190102,10:00:03.659926181,Q,155.1,1,155.13,12,R,4095152,2,,N,AAPL,
20190102,10:00:03.659929114,Q,155.09,5,155.13,12,R,4095153,0,,N,AAPL,
20190102,10:00:03.659944027,P,155.1,1,155.13,4,R,4095154,2,,N,AAPL,
20190102,10:00:03.660012465,P,155.09,4,155.13,4,R,4095155,2,,N,AAPL,
20190102,10:00:03.661584848,P,155.09,4,155.13,4,R,4095164,0,,N,AAPL,
20190102,10:00:03.664599632,Q,155.1,1,155.13,12,R,4095176,4,,N,AAPL,
20190102,10:00:03.665250246,P,155.09,4,155.13,4,R,4095183,0,,N,AAPL,
20190102,10:00:03.670593603,Z,155.1,1,155.13,4,R,4095192,0,,N,AAPL,
20190102,10:00:03.671377471,P,155.1,6,155.13,4,R,4095197,2,,N,AAPL,
20190102,10:00:03.671387308,P,155.1,6,155.13,1,R,4095198,0,,N,AAPL,
20190102,10:00:03.671437205,C,146.88,1,155.14,1,R,4095199,0,,N,AAPL,
20190102,10:00:03.671443938,P,155.1,7,155.13,1,R,4095200,2,,N,AAPL,
20190102,10:00:03.671585869,Z,155.1,3,155.13,4,R,4095201,0,,N,AAPL,
20190102,10:00:03.671587639,Q,155.1,1,155.13,1,R,4095202,2,,N,AAPL,
20190102,10:00:03.671608820,K,155.1,4,155.13,4,R,4095203,2,,N,AAPL,
20190102,10:00:03.671620014,C,146.88,1,162.67,1,R,4095204,0,,N,AAPL,
20190102,10:00:03.671630998,Q,155.1,7,155.13,1,R,4095205,0,,N,AAPL,
20190102,10:00:03.671710148,K,155.1,4,155.14,3,R,4095207,0,,N,AAPL,
20190102,10:00:03.671798072,Z,155.11,1,155.13,4,R,4095209,4,,N,AAPL,
20190102,10:00:03.671840019,Z,155.11,1,155.14,4,R,4095210,2,,N,AAPL,
20190102,10:00:03.671882083,Z,155.11,2,155.14,4,R,4095211,2,,N,AAPL,
20190102,10:00:03.672030937,Y,155.08,1,155.16,2,R,4095214,0,,N,AAPL,
20190102,10:00:03.672039234,P,155.1,7,155.13,1,R,4095215,0,,N,AAPL,
20190102,10:00:03.672044360,J,155.08,1,155.16,2,R,4095216,0,,N,AAPL,
20190102,10:00:03.672230571,P,155.1,7,155.13,1,R,4095220,0,,N,AAPL,
20190102,10:00:03.672406675,N,155.1,10,155.15,5,R,4095228,0,,N,AAPL,
20190102,10:00:03.672492508,Z,155.11,3,155.14,4,R,4095231,2,,N,AAPL,
20190102,10:00:03.672614007,N,155.1,11,155.15,5,R,4095234,0,,N,AAPL,
20190102,10:00:03.673359714,P,155.1,7,155.13,1,R,4095238,0,,N,AAPL,
20190102,10:00:03.689120290,Y,155.08,1,155.16,2,R,4095289,0,,N,AAPL,
20190102,10:00:03.689127936,K,155.1,4,155.14,3,R,4095290,0,,N,AAPL,
20190102,10:00:03.689490572,N,155.1,10,155.15,5,R,4095291,0,,N,AAPL,
20190102,10:00:03.720972281,B,155.08,1,155.15,1,R,4095447,0,,N,AAPL,
20190102,10:00:03.720983450,X,155.09,6,155.15,1,R,4095448,0,,N,AAPL,
20190102,10:00:03.721013682,Q,155.1,1,155.13,1,R,4095449,0,,N,AAPL,
20190102,10:00:03.721042761,X,155.09,6,155.14,6,R,4095450,0,,N,AAPL,
20190102,10:00:03.721178740,Z,155.11,2,155.14,4,R,4095456,2,,N,AAPL,
20190102,10:00:03.721262523,Z,155.11,1,155.14,4,R,4095459,2,,N,AAPL,
20190102,10:00:03.721364616,K,155.09,3,155.14,3,R,4095461,0,,N,AAPL,
20190102,10:00:03.721368205,Z,155.11,1,155.13,4,R,4095462,4,,N,AAPL,
20190102,10:00:03.721432374,Q,155.1,1,155.13,6,R,4095464,2,,N,AAPL,
20190102,10:00:03.721439350,Z,155.11,1,155.13,5,R,4095465,0,,N,AAPL,
20190102,10:00:03.721465497,Z,155.1,1,155.13,5,R,4095467,2,,N,AAPL,
20190102,10:00:03.721492725,Y,155.08,1,155.15,1,R,4095470,0,,N,AAPL,
20190102,10:00:03.721495299,Z,155.1,1,155.13,4,R,4095471,0,,N,AAPL,
20190102,10:00:03.721498063,J,155.08,1,155.15,1,R,4095472,0,,N,AAPL,
20190102,10:00:03.721607315,P,155.1,6,155.13,1,R,4095478,0,,N,AAPL,
20190102,10:00:03.721881862,P,155.09,4,155.13,1,R,4095481,0,,N,AAPL,
20190102,10:00:03.721939853,P,155.09,4,155.13,1,R,4095482,0,,N,AAPL,
20190102,10:00:03.721994532,N,155.09,5,155.15,5,R,4095483,2,,N,AAPL,
20190102,10:00:03.722251336,P,155.09,4,155.13,5,R,4095484,0,,N,AAPL,
20190102,10:00:03.722529708,Q,155.09,5,155.13,6,R,4095485,2,,N,AAPL,
20190102,10:00:03.733411523,P,155.09,4,155.13,5,R,4095498,0,,N,AAPL,
20190102,10:00:03.733527613,Q,155.09,5,155.13,1,R,4095499,2,,N,AAPL,
20190102,10:00:03.734118537,P,155.09,4,155.13,1,R,4095501,2,,N,AAPL,
20190102,10:00:03.734213365,Q,155.1,1,155.13,1,R,4095502,0,,N,AAPL,
20190102,10:00:03.734252774,Q,155.1,2,155.13,1,R,4095503,2,,N,AAPL,
20190102,10:00:03.734273667,Q,155.1,1,155.13,1,R,4095506,2,,N,AAPL,
20190102,10:00:03.734554159,K,155.1,1,155.14,3,R,4095509,0,,N,AAPL,
20190102,10:00:03.734563628,K,155.09,3,155.14,3,R,4095510,0,,N,AAPL,
20190102,10:00:03.734801342,P,155.1,1,155.13,1,R,4095511,0,,N,AAPL,
20190102,10:00:03.734826449,P,155.09,4,155.13,1,R,4095512,0,,N,AAPL,
20190102,10:00:03.777741100,X,155.09,4,155.14,6,R,4095817,0,,N,AAPL,
20190102,10:00:03.786135482,P,155.09,4,155.13,1,R,4095851,0,,N,AAPL,
20190102,10:00:03.793273961,Z,155.1,1,155.13,2,R,4095863,4,,N,AAPL,
20190102,10:00:03.820769039,Q,155.1,1,155.12,35,R,4095970,2,,N,AAPL,
20190102,10:00:03.820798714,Q,155.1,1,155.12,36,R,4095971,2,,N,AAPL,
20190102,10:00:03.820877483,Q,155.1,1,155.12,37,R,4095972,2,,N,AAPL,
20190102,10:00:03.821080265,Z,155.1,1,155.13,3,R,4095973,2,,N,AAPL,
20190102,10:00:03.821112285,Z,155.09,4,155.13,3,R,4095974,0,,N,AAPL,
20190102,10:00:03.821176517,Z,155.09,4,155.12,1,R,4095975,0,,N,AAPL,
20190102,10:00:03.821253632,Z,155.09,4,155.12,2,R,4095976,0,,N,AAPL,
20190102,10:00:03.821369425,P,155.09,4,155.13,4,R,4095977,0,,N,AAPL,
20190102,10:00:03.821694895,Q,155.09,5,155.12,37,R,4095978,2,,N,AAPL,
20190102,10:00:03.821741814,X,155.08,4,155.14,6,R,4095979,0,,N,AAPL,
20190102,10:00:03.821994497,Q,155.08,7,155.12,37,R,4095980,0,,N,AAPL,
20190102,10:00:03.822006419,Z,155.09,2,155.12,2,R,4095981,0,,N,AAPL,
20190102,10:00:03.822322089,K,155.08,10,155.14,3,R,4095982,0,,N,AAPL,
20190102,10:00:03.822327265,N,155.09,1,155.15,5,R,4095983,2,,N,AAPL,
20190102,10:00:03.822383739,P,155.09,1,155.13,4,R,4095984,2,,N,AAPL,
20190102,10:00:03.822464226,Z,155.09,1,155.12,2,R,4095985,2,,N,AAPL,
20190102,10:00:03.822576152,P,155.08,5,155.13,4,R,4095986,0,,N,AAPL,
20190102,10:00:03.823266428,P,155.08,5,155.13,4,R,4095987,0,,N,AAPL,
20190102,10:00:03.851343847,X,155.08,4,155.14,3,R,4096218,0,,N,AAPL,
20190102,10:00:04.198665744,C,146.88,1,155.12,1,R,4096600,0,,N,AAPL,
20190102,10:00:04.198716115,Q,155.08,2,155.12,37,R,4096604,0,,N,AAPL,
20190102,10:00:04.198725516,X,155.08,1,155.14,3,R,4096605,0,,N,AAPL,
20190102,10:00:04.198751256,Q,155.08,2,155.12,38,R,4096607,2,,N,AAPL,
20190102,10:00:04.198763144,P,155.08,2,155.13,4,R,4096608,0,,N,AAPL,
20190102,10:00:04.198811603,K,155.08,1,155.14,3,R,4096613,0,,N,AAPL,
20190102,10:00:04.198851149,V,154.5,2,155.12,1,R,4096616,0,,N,AAPL,
20190102,10:00:04.199036141,Z,155.09,1,155.12,3,R,4096627,0,,N,AAPL,
20190102,10:00:04.199344660,P,155.08,2,155.12,6,R,4096638,0,,N,AAPL,
20190102,10:00:04.199395997,Z,155.09,1,155.12,5,R,4096642,0,,N,AAPL,
20190102,10:00:04.199396912,Q,155.08,6,155.12,38,R,4096643,0,,N,AAPL,
20190102,10:00:04.199410901,K,155.08,5,155.14,3,R,4096644,0,,N,AAPL,
20190102,10:00:04.199416764,P,155.08,2,155.12,7,R,4096646,0,,N,AAPL,
20190102,10:00:04.199434302,P,155.08,5,155.12,7,R,4096647,0,,N,AAPL,
20190102,10:00:04.199486224,P,155.08,4,155.12,7,R,4096650,0,,N,AAPL,
20190102,10:00:04.210783430,Z,155.08,4,155.12,5,R,4096692,0,,N,AAPL,
20190102,10:00:04.211157316,P,155.08,5,155.12,7,R,4096693,0,,N,AAPL,
20190102,10:00:04.270305584,K,155.08,5,155.12,1,R,4096736,0,,N,AAPL,
20190102,10:00:04.270427772,K,155.08,5,155.12,4,R,4096737,0,,N,AAPL,
20190102,10:00:04.371383680,B,149.24,1,155.15,1,R,4096872,0,,N,AAPL,
20190102,10:00:04.371428990,Q,155.08,2,155.12,38,R,4096873,0,,N,AAPL,
20190102,10:00:04.371725843,Z,155.08,2,155.12,5,R,4096875,0,,N,AAPL,
20190102,10:00:04.371729180,K,155.08,1,155.12,4,R,4096876,0,,N,AAPL,
20190102,10:00:04.371842429,Y,155.08,1,155.15,1,R,4096877,0,,N,AAPL,
20190102,10:00:04.372047079,P,155.08,2,155.12,7,R,4096878,0,,N,AAPL,
20190102,10:00:04.372072364,Y,155.08,1,155.15,1,R,4096879,0,,N,AAPL,
20190102,10:00:04.372114933,P,155.08,1,155.12,7,R,4096880,0,,N,AAPL,
20190102,10:00:04.372168363,C,146.88,1,155.12,2,R,4096881,0,,N,AAPL,
20190102,10:00:04.372195737,V,154.5,2,155.12,2,R,4096882,0,,N,AAPL,
20190102,10:00:04.372329121,Q,155.08,1,155.12,38,R,4096886,0,,N,AAPL,
20190102,10:00:04.372350786,N,155.08,1,155.15,5,R,4096887,2,,N,AAPL,
20190102,10:00:04.372468862,Q,155.08,1,155.11,11,R,4096889,2,,N,AAPL,
20190102,10:00:04.372473474,Z,155.08,2,155.11,4,R,4096890,0,,N,AAPL,
20190102,10:00:04.372510803,Q,155.08,1,155.11,12,R,4096891,2,,N,AAPL,
20190102,10:00:04.372563889,Z,155.08,2,155.1,1,R,4096892,4,,N,AAPL,
20190102,10:00:04.372566989,Y,155.08,1,155.27,1,R,4096893,0,,N,AAPL,
20190102,10:00:04.372577851,J,155.08,1,155.4,1,R,4096894,0,,N,AAPL,
20190102,10:00:04.372582163,B,149.24,1,155.26,1,R,4096895,0,,N,AAPL,
20190102,10:00:04.372588097,J,154.95,1,155.4,1,R,4096896,0,,N,AAPL,
20190102,10:00:04.372593704,X,155.07,2,155.14,3,R,4096897,0,,N,AAPL,
20190102,10:00:04.372596324,B,155.07,1,155.26,1,R,4096898,0,,N,AAPL,
20190102,10:00:04.372609527,X,155.07,3,155.14,3,R,4096899,0,,N,AAPL,
20190102,10:00:04.372630276,K,155.08,1,155.11,8,R,4096900,0,,N,AAPL,
20190102,10:00:04.372671888,Y,154.99,1,155.27,1,R,4096901,0,,N,AAPL,
20190102,10:00:04.372844894,C,146.88,1,155.11,1,R,4096904,0,,N,AAPL,
20190102,10:00:04.372874935,P,155.08,1,155.11,7,R,4096905,0,,N,AAPL,
20190102,10:00:04.372950915,P,155.08,1,155.11,8,R,4096907,0,,N,AAPL,
20190102,10:00:04.373023743,V,154.5,2,155.11,1,R,4096909,0,,N,AAPL,
20190102,10:00:04.374339665,Z,155.08,1,155.1,1,R,4096918,2,,N,AAPL,
20190102,10:00:04.374369697,C,146.88,1,155.1,1,R,4096919,0,,N,AAPL,
20190102,10:00:04.374678789,V,154.5,2,155.1,1,R,4096920,0,,N,AAPL,
20190102,10:00:04.374703535,C,146.88,1,155.11,1,R,4096921,0,,N,AAPL,
20190102,10:00:04.374713903,C,146.88,1,155.11,2,R,4096922,0,,N,AAPL,
20190102,10:00:04.374759377,V,154.5,2,155.11,1,R,4096923,0,,N,AAPL,
20190102,10:00:04.375071493,Y,154.16,1,155.27,1,R,4096924,0,,N,AAPL,
20190102,10:00:04.378431514,Q,155.07,8,155.11,12,R,4096931,0,,N,AAPL,
20190102,10:00:04.378474071,Q,155.07,7,155.11,12,R,4096932,0,,N,AAPL,
20190102,10:00:04.378539675,B,149.24,1,155.26,1,R,4096933,0,,N,AAPL,
20190102,10:00:04.378744349,B,155.05,1,155.26,1,R,4096934,0,,N,AAPL,
20190102,10:00:04.378782606,Q,155.07,7,155.1,5,R,4096935,2,,N,AAPL,
20190102,10:00:04.378792717,Z,155.07,3,155.1,1,R,4096936,0,,N,AAPL,
20190102,10:00:04.378808911,X,155.07,1,155.14,3,R,4096937,0,,N,AAPL,
20190102,10:00:04.378810775,Z,155.07,3,155.1,1,R,4096938,0,,N,AAPL,
20190102,10:00:04.378826069,Z,155.07,3,155.1,1,R,4096939,0,,N,AAPL,
20190102,10:00:04.378826730,Y,154.16,1,155.27,1,R,4096940,0,,N,AAPL,
20190102,10:00:04.378836945,K,155.07,4,155.11,8,R,4096941,0,,N,AAPL,
20190102,10:00:04.378860793,K,155.07,4,155.11,8,R,4096942,0,,N,AAPL,
20190102,10:00:04.378871123,X,155.06,2,155.14,3,R,4096943,0,,N,AAPL,
20190102,10:00:04.378880177,Z,155.07,2,155.1,1,R,4096944,0,,N,AAPL,
20190102,10:00:04.378890907,Z,155.07,2,155.1,3,R,4096945,0,,N,AAPL,
20190102,10:00:04.378915626,Q,155.07,1,155.1,5,R,4096947,0,,N,AAPL,
20190102,10:00:04.378921705,Z,155.07,2,155.1,4,R,4096948,0,,N,AAPL,
20190102,10:00:04.378928525,J,154.95,1,155.4,1,R,4096949,0,,N,AAPL,
20190102,10:00:04.378928870,Y,154.16,1,155.1,1,R,4096950,0,,N,AAPL,
20190102,10:00:04.378944718,K,155.07,4,155.1,1,R,4096951,0,,N,AAPL,
20190102,10:00:04.378954925,K,155.07,4,155.1,2,R,4096952,0,,N,AAPL,
20190102,10:00:04.378959911,J,154.95,1,155.1,1,R,4096953,0,,N,AAPL,
20190102,10:00:04.378976726,K,155.07,4,155.1,7,R,4096954,2,,N,AAPL,
20190102,10:00:04.379021604,K,155.06,1,155.1,7,R,4096955,0,,N,AAPL,
20190102,10:00:04.379068292,K,155.06,5,155.1,7,R,4096956,0,,N,AAPL,
20190102,10:00:04.379092772,P,155.07,5,155.11,8,R,4096957,0,,N,AAPL,
20190102,10:00:04.379178075,P,155.07,2,155.11,8,R,4096958,0,,N,AAPL,
20190102,10:00:04.379207906,Z,155.06,2,155.1,4,R,4096959,0,,N,AAPL,
20190102,10:00:04.379219046,P,155.07,2,155.1,1,R,4096960,0,,N,AAPL,
20190102,10:00:04.379219396,Y,155.05,1,155.1,1,R,4096961,0,,N,AAPL,
20190102,10:00:04.379229176,J,155.05,1,155.1,1,R,4096962,0,,N,AAPL,
20190102,10:00:04.379236074,P,155.07,1,155.1,1,R,4096963,0,,N,AAPL,
20190102,10:00:04.379265444,N,155.07,1,155.15,5,R,4096964,2,,N,AAPL,
20190102,10:00:04.379270168,Z,155.06,2,155.09,4,R,4096965,2,,N,AAPL,
20190102,10:00:04.379274255,P,155.07,4,155.1,1,R,4096966,2,,N,AAPL,
20190102,10:00:04.379283791,P,155.07,1,155.1,1,R,4096967,2,,N,AAPL,
20190102,10:00:04.379284141,Z,155.06,3,155.09,4,R,4096968,0,,N,AAPL,
20190102,10:00:04.379294402,P,155.07,1,155.1,2,R,4096969,0,,N,AAPL,
20190102,10:00:04.379304469,P,155.07,1,155.1,8,R,4096970,0,,N,AAPL,
20190102,10:00:04.379314458,P,155.07,1,155.1,9,R,4096971,0,,N,AAPL,
20190102,10:00:04.379345005,Z,155.06,3,155.09,5,R,4096972,2,,N,AAPL,
20190102,10:00:04.379541382,B,155.05,1,155.23,1,R,4096973,0,,N,AAPL,
20190102,10:00:04.380139736,Q,155.06,5,155.1,5,R,4096983,2,,N,AAPL,
20190102,10:00:04.380185160,X,155.05,1,155.14,3,R,4096985,0,,N,AAPL,
20190102,10:00:04.380188559,Q,155.06,5,155.09,10,R,4096986,2,,N,AAPL,
20190102,10:00:04.380228471,Q,155.06,5,155.09,11,R,4096990,2,,N,AAPL,
20190102,10:00:04.380232354,X,155.05,3,155.14,3,R,4096991,0,,N,AAPL,
20190102,10:00:04.380500609,J,155.05,1,155.1,1,R,4097007,0,,N,AAPL,
20190102,10:00:04.380506330,K,155.06,1,155.1,7,R,4097008,0,,N,AAPL,
20190102,10:00:04.380509778,Z,155.06,2,155.09,5,R,4097009,0,,N,AAPL,
20190102,10:00:04.380517961,K,155.06,1,155.09,5,R,4097010,0,,N,AAPL,
20190102,10:00:04.380519653,Q,155.05,9,155.09,11,R,4097011,0,,N,AAPL,
20190102,10:00:04.380520690,Z,155.06,3,155.09,5,R,4097013,0,,N,AAPL,
20190102,10:00:04.380710617,Z,155.06,1,155.08,1,R,4097026,2,,N,AAPL,
20190102,10:00:04.380736211,P,155.07,1,155.09,7,R,4097029,0,,N,AAPL,
20190102,10:00:04.380807613,P,155.07,1,155.09,8,R,4097039,0,,N,AAPL,
20190102,10:00:04.380837800,P,155.06,3,155.09,8,R,4097043,0,,N,AAPL,
20190102,10:00:04.380878727,Z,155.06,1,155.09,5,R,4097047,2,,N,AAPL,
20190102,10:00:04.380998513,Z,155.06,1,155.08,4,R,4097056,2,,N,AAPL,
20190102,10:00:04.381008339,N,155.06,7,155.15,5,R,4097058,2,,N,AAPL,
20190102,10:00:04.381053314,Y,155.05,1,155.1,1,R,4097063,0,,N,AAPL,
20190102,10:00:04.381065617,P,155.06,3,155.08,1,R,4097067,0,,N,AAPL,
20190102,10:00:04.381085259,Y,155.05,1,155.1,1,R,4097074,0,,N,AAPL,
20190102,10:00:04.381142275,Z,155.06,1,155.09,5,R,4097076,2,,N,AAPL,
20190102,10:00:04.381156024,P,155.06,1,155.08,1,R,4097078,0,,N,AAPL,
20190102,10:00:04.381166411,P,155.06,1,155.08,2,R,4097080,2,,N,AAPL,
20190102,10:00:04.381202483,P,155.06,1,155.08,3,R,4097083,2,,N,AAPL,
20190102,10:00:04.381203773,Z,155.06,1,155.08,4,R,4097084,2,,N,AAPL,
20190102,10:00:04.381233114,N,155.06,1,155.15,5,R,4097087,2,,N,AAPL,
20190102,10:00:04.381242088,Z,155.06,1,155.09,5,R,4097089,2,,N,AAPL,
20190102,10:00:04.381257694,J,155.05,1,155.1,1,R,4097090,0,,N,AAPL,
20190102,10:00:04.381263359,Z,155.06,1,155.08,4,R,4097091,2,,N,AAPL,
20190102,10:00:04.381295185,K,155.06,1,155.09,5,R,4097095,0,,N,AAPL,
20190102,10:00:04.381392758,Z,155.06,1,155.09,5,R,4097101,2,,N,AAPL,
20190102,10:00:04.381510759,Z,155.06,1,155.08,4,R,4097117,2,,N,AAPL,
20190102,10:00:04.381601528,Z,155.06,1,155.09,5,R,4097128,2,,N,AAPL,
20190102,10:00:04.381749484,P,155.06,1,155.08,2,R,4097139,2,,N,AAPL,
20190102,10:00:04.381781030,P,155.06,2,155.08,2,R,4097142,4,,N,AAPL,
20190102,10:00:04.381790671,P,155.06,1,155.08,2,R,4097143,2,,N,AAPL,
20190102,10:00:04.381836118,P,155.06,1,155.08,1,R,4097149,2,,N,AAPL,
20190102,10:00:04.381866027,P,155.06,2,155.08,1,R,4097151,4,,N,AAPL,
20190102,10:00:04.381886805,Z,155.06,3,155.09,5,R,4097153,2,,N,AAPL,
20190102,10:00:04.381912696,P,155.06,2,155.08,2,R,4097156,2,,N,AAPL,
20190102,10:00:04.381929605,P,155.06,2,155.08,1,R,4097157,2,,N,AAPL,
20190102,10:00:04.381946103,Z,155.06,1,155.09,5,R,4097158,2,,N,AAPL,
20190102,10:00:04.381997677,P,155.06,2,155.08,2,R,4097164,4,,N,AAPL,
20190102,10:00:04.382011903,P,155.06,2,155.08,1,R,4097167,4,,N,AAPL,
20190102,10:00:04.382081374,P,155.06,2,155.08,2,R,4097176,4,,N,AAPL,
20190102,10:00:04.382255932,P,155.06,1,155.08,2,R,4097181,2,,N,AAPL,
20190102,10:00:04.382398580,P,155.06,2,155.08,2,R,4097190,4,,N,AAPL,
20190102,10:00:04.382410225,P,155.06,1,155.08,2,R,4097192,2,,N,AAPL,
20190102,10:00:04.382470960,P,155.06,2,155.08,2,R,4097195,4,,N,AAPL,
20190102,10:00:04.382491173,P,155.06,1,155.08,2,R,4097198,2,,N,AAPL,
20190102,10:00:04.382549325,P,155.06,2,155.08,2,R,4097200,4,,N,AAPL,
20190102,10:00:04.382569619,P,155.06,1,155.08,2,R,4097201,2,,N,AAPL,
20190102,10:00:04.382642999,P,155.06,2,155.08,2,R,4097204,4,,N,AAPL,
20190102,10:00:04.385809559,Z,155.05,4,155.09,5,R,4097238,0,,N,AAPL,
20190102,10:00:04.386181935,P,155.06,1,155.08,2,R,4097249,2,,N,AAPL,
20190102,10:00:04.408811883,Y,155.05,1,155.1,1,R,4097380,0,,N,AAPL,
20190102,10:00:04.408895565,Z,155.05,4,155.08,1,R,4097385,0,,N,AAPL,
20190102,10:00:04.408923115,Y,155.05,1,155.27,1,R,4097386,0,,N,AAPL,
20190102,10:00:04.408929750,J,155.05,1,155.4,1,R,4097387,0,,N,AAPL,
20190102,10:00:04.408977267,Z,155.05,4,155.08,2,R,4097390,0,,N,AAPL,
20190102,10:00:04.409009806,Z,155.05,4,155.08,1,R,4097391,0,,N,AAPL,
20190102,10:00:04.409217247,Z,155.05,4,155.09,5,R,4097398,0,,N,AAPL,
20190102,10:00:04.410458173,J,155.05,1,155.4,1,R,4097405,0,,N,AAPL,
20190102,10:00:04.411052957,P,155.06,1,155.08,1,R,4097411,2,,N,AAPL,
20190102,10:00:04.468016412,Z,155.05,4,155.09,5,R,4097538,0,,N,AAPL,
20190102,10:00:04.681540285,Q,155.05,8,155.09,11,R,4097982,0,,N,AAPL,
20190102,10:00:04.868109079,X,155.05,1,155.14,3,R,4098117,0,,N,AAPL,
20190102,10:00:04.938826533,J,155.05,1,161.17,2,R,4098274,0,,N,AAPL,
20190102,10:00:04.999622462,K,155.05,6,155.09,5,R,4098397,2,,N,AAPL,
20190102,10:00:04.999631995,Q,155.05,3,155.09,11,R,4098398,0,,N,AAPL,
20190102,10:00:04.999715875,Z,155.05,2,155.09,5,R,4098402,0,,N,AAPL,
20190102,10:00:04.999725226,K,155.05,1,155.09,5,R,4098403,0,,N,AAPL,
20190102,10:00:04.999826603,Z,155.05,2,155.08,1,R,4098409,0,,N,AAPL,
20190102,10:00:04.999901209,Z,155.05,2,155.08,2,R,4098416,2,,N,AAPL,
20190102,10:00:04.999944620,J,149.24,1,161.17,2,R,4098420,0,,N,AAPL,
20190102,10:00:05.000028586,Z,155.05,2,155.08,3,R,4098440,2,,N,AAPL,
20190102,10:00:05.000110030,P,155.05,2,155.08,1,R,4098455,0,,N,AAPL,
20190102,10:00:05.000125396,Q,155.05,3,155.08,9,R,4098458,2,,N,AAPL,
20190102,10:00:05.000148583,N,155.06,1,155.1,2,R,4098459,0,,N,AAPL,
