DATE,TIME_M,EX,SYM_ROOT,SYM_SUFFIX,TR_SCOND,SIZE,PRICE,TR_CORR,TR_SEQNUM,TR_ID,TR_SOURCE,TR_RF
20190102,10:00:00.077518330,D,TSLA,,@  I,33,303.7501,0,287953,6634,N,Q
20190102,10:00:00.116232108,D,TSLA,,@  I,33,303.7901,0,287970,6635,N,Q
20190102,10:00:00.180030562,Q,TSLA,,@  I,3,304.04,0,288017,15826,N,
20190102,10:00:00.203654215,D,TSLA,,@  I,15,303.9604,0,288023,4096,N,N
20190102,10:00:01.452216232,V,TSLA,,@  I,10,303.925,0,288737,1231,N,
20190102,10:00:01.571960978,Q,TSLA,,@  I,5,303.9,0,288768,15827,N,
20190102,10:00:01.791399866,V,TSLA,,@,100,303.925,0,288801,1232,N,
20190102,10:00:02.796820490,D,TSLA,,@  I,8,303.9625,0,288920,6636,N,Q
20190102,10:00:02.900192941,B,TSLA,,@,100,303.84,0,288924,610,N,
20190102,10:00:03.081565329,D,TSLA,,@  I,10,303.9,0,288955,4097,N,N
20190102,10:00:03.461559105,D,TSLA,,@  I,2,304.05,0,288983,4098,N,N
20190102,10:00:04.114568064,D,TSLA,,@  I,1,303.861,0,289051,4099,N,N
20190102,10:00:04.176506341,Q,TSLA,,@  I,10,303.85,0,289052,15828,N,
20190102,10:00:04.458311881,D,TSLA,,@  I,32,303.945,0,289077,6637,N,Q
20190102,10:00:04.459421186,D,TSLA,,@,100,303.94,0,289078,6638,N,Q
20190102,10:00:04.910780134,Q,TSLA,,@F,100,303.84,0,289107,15829,N,
20190102,10:00:04.910785191,Q,TSLA,,@F,100,303.84,0,289108,15830,N,
20190102,10:00:05.013393961,Q,TSLA,,@F,200,303.79,0,289146,15831,N,
20190102,10:00:05.013855668,P,TSLA,,@F I,3,303.79,0,289157,7214,N,
20190102,10:00:05.013982219,P,TSLA,,@F,200,303.75,0,289161,7215,N,
20190102,10:00:05.014187055,P,TSLA,,@F I,16,303.75,0,289163,7216,N,
20190102,10:00:05.014248069,P,TSLA,,@F,184,303.75,0,289164,7217,N,
20190102,10:00:06.067051353,D,TSLA,,@  I,50,303.79,0,289362,4100,N,N
20190102,10:00:06.472518641,D,TSLA,,@  I,1,303.75,0,289417,6639,N,Q
20190102,10:00:06.935748565,D,TSLA,,@  I,10,303.82,0,289510,6640,N,Q
20190102,10:00:07.610060360,D,TSLA,,@  I,2,303.8095,0,289564,4101,N,N
20190102,10:00:08.535820345,P,TSLA,,@  I,50,303.75,0,289695,7218,N,
20190102,10:00:08.814742719,K,TSLA,,@,172,303.79,0,289706,3381,N,
20190102,10:00:09.194596097,Q,TSLA,,@  I,13,303.75,0,289741,15832,N,
20190102,10:00:09.267362430,D,TSLA,,@,100,303.7733,0,289744,6641,N,Q
20190102,10:00:09.397504335,D,TSLA,,@  I,10,303.7757,0,289773,6642,N,Q
20190102,10:00:10.011272880,P,TSLA,,@,100,303.75,0,289812,7219,N,
20190102,10:00:10.222382770,P,TSLA,,@  I,50,303.75,0,289830,7220,N,
20190102,10:00:10.222391191,P,TSLA,,@  I,50,303.75,0,289831,7221,N,
20190102,10:00:10.222467580,P,TSLA,,@,100,303.75,0,289832,7222,N,
20190102,10:00:10.222500156,P,TSLA,,@  I,50,303.75,0,289833,7223,N,
20190102,10:00:10.222511113,P,TSLA,,@  I,27,303.75,0,289834,7224,N,
20190102,10:00:10.526779769,D,TSLA,,@  I,32,303.77,0,289844,6643,N,Q
20190102,10:00:10.526936352,V,TSLA,,@,100,303.77,0,289845,1233,N,
20190102,10:00:10.533324202,V,TSLA,,@,168,303.77,0,289846,1234,N,
20190102,10:00:10.534072161,D,TSLA,,@  I,53,303.7848,0,289847,6644,N,Q
20190102,10:00:10.558768344,Q,TSLA,,@F I,3,303.77,0,289852,15833,N,
20190102,10:00:10.558771470,Q,TSLA,,@F I,97,303.79,0,289853,15834,N,
20190102,10:00:10.558779500,Q,TSLA,,@F I,3,303.79,0,289854,15835,N,
20190102,10:00:10.558783342,Q,TSLA,,@F I,97,303.79,0,289855,15836,N,
20190102,10:00:10.558791623,Q,TSLA,,@F,100,303.79,0,289856,15837,N,
20190102,10:00:10.558798740,Q,TSLA,,@F I,3,303.79,0,289857,15838,N,
20190102,10:00:10.558832670,Q,TSLA,,@F I,67,303.82,0,289858,15839,N,
20190102,10:00:10.558850272,Q,TSLA,,@F I,33,303.82,0,289859,15840,N,
20190102,10:00:10.558853294,Q,TSLA,,@F I,67,303.82,0,289860,15841,N,
20190102,10:00:10.558857849,Q,TSLA,,@F,133,303.82,0,289861,15842,N,
20190102,10:00:10.558862059,Q,TSLA,,@F I,48,303.84,0,289862,15843,N,
20190102,10:00:10.559074544,Z,TSLA,,@F I,12,303.83,0,289863,2104,N,
20190102,10:00:10.559088202,Z,TSLA,,@F I,88,303.83,0,289864,2105,N,
20190102,10:00:10.559107740,Z,TSLA,,@F I,89,303.83,0,289865,2106,N,
20190102,10:00:10.559113071,Z,TSLA,,@F I,11,303.83,0,289866,2107,N,
20190102,10:00:10.559125414,Q,TSLA,,@F I,52,303.84,0,289867,15844,N,
20190102,10:00:10.559139955,Z,TSLA,,@F,100,303.84,0,289868,2108,N,
20190102,10:00:10.559144379,Z,TSLA,,@F,100,303.84,0,289869,2109,N,
20190102,10:00:10.559149195,Z,TSLA,,@F I,11,303.84,0,289870,2110,N,
20190102,10:00:10.559321318,P,TSLA,,@F I,40,303.78,0,289871,7225,N,
20190102,10:00:10.559334402,Z,TSLA,,@,100,303.84,0,289872,2111,N,
20190102,10:00:10.559340033,P,TSLA,,@F I,21,303.82,0,289873,7226,N,
20190102,10:00:10.559355057,Z,TSLA,,@  I,24,303.84,0,289874,2112,N,
20190102,10:00:10.559506565,P,TSLA,,@  I,10,303.76,0,289875,7227,N,
20190102,10:00:10.559683159,Z,TSLA,,@  I,10,303.76,0,289876,2113,N,
20190102,10:00:10.559810620,P,TSLA,,@F I,3,303.82,0,289877,7228,N,
20190102,10:00:10.559858093,P,TSLA,,@F I,5,303.82,0,289878,7229,N,
20190102,10:00:10.560189808,P,TSLA,,@F I,2,303.82,0,289879,7230,N,
20190102,10:00:10.913622372,D,TSLA,,@  I,6,303.9625,0,289939,4102,N,N
20190102,10:00:11.567061986,Z,TSLA,,@  I,6,303.87,0,289989,2114,N,
20190102,10:00:11.647023256,D,TSLA,,@  I,1,304.0,0,290008,6645,N,Q
20190102,10:00:11.670053008,D,TSLA,,@  I,11,303.9923,0,290017,4103,N,N
20190102,10:00:12.671775315,D,TSLA,,@  I,1,303.9999,0,290098,4104,N,N
20190102,10:00:12.677741556,D,TSLA,,@  I,18,303.9999,0,290099,6646,N,Q
20190102,10:00:13.505391213,D,TSLA,,@,300,303.8733,0,290202,4105,N,N
20190102,10:00:13.832777334,Q,TSLA,,@  I,3,303.84,0,290250,15845,N,
20190102,10:00:13.832780672,Q,TSLA,,@  I,5,303.79,0,290251,15846,N,
20190102,10:00:13.832814772,Q,TSLA,,@F I,92,303.76,0,290252,15847,N,
20190102,10:00:13.833109801,Z,TSLA,,@  I,41,303.84,0,290253,2115,N,
20190102,10:00:14.272516028,D,TSLA,,@  I,1,303.9899,0,290319,6647,N,Q
20190102,10:00:14.523634835,D,TSLA,,@  I,1,303.9899,0,290344,6648,N,Q
20190102,10:00:14.745434912,Q,TSLA,,@  I,2,303.87,0,290365,15848,N,
20190102,10:00:14.745438189,Q,TSLA,,@  I,10,303.88,0,290366,15849,N,
20190102,10:00:15.100642357,D,TSLA,,@  I,2,303.876,0,290410,4106,N,N
20190102,10:00:15.292849429,D,TSLA,,@  I,3,303.8799,0,290426,6649,N,Q
20190102,10:00:15.818261143,D,TSLA,,@,1000,303.8331,0,290488,6650,N,Q
20190102,10:00:15.850731602,Q,TSLA,,@F I,1,303.87,0,290489,15850,N,
20190102,10:00:15.850735191,Q,TSLA,,@F I,90,303.88,0,290490,15851,N,
20190102,10:00:15.850738932,Q,TSLA,,@F I,9,303.88,0,290491,15852,N,
20190102,10:00:15.850816760,P,TSLA,,@,100,303.88,0,290492,7231,N,
20190102,10:00:15.850893737,P,TSLA,,@F,100,303.88,0,290493,7232,N,
20190102,10:00:15.851393655,V,TSLA,,@  I,44,303.83,0,290494,1235,N,
20190102,10:00:15.851431123,V,TSLA,,@,100,303.815,0,290495,1236,N,
20190102,10:00:15.851467716,V,TSLA,,@,100,303.84,0,290496,1237,N,
20190102,10:00:15.851551385,V,TSLA,,@,100,303.82,0,290497,1238,N,
20190102,10:00:15.878243015,P,TSLA,,@  I,43,303.87,0,290502,7233,N,
20190102,10:00:15.878398029,P,TSLA,,@  I,44,303.88,0,290503,7234,N,
20190102,10:00:15.878482768,P,TSLA,,@F I,56,303.9,0,290504,7235,N,
20190102,10:00:15.878618207,P,TSLA,,@  I,10,303.9,0,290505,7236,N,
20190102,10:00:15.878662506,P,TSLA,,@F I,14,303.9,0,290506,7237,N,
20190102,10:00:15.879063367,P,TSLA,,@F I,19,303.9,0,290507,7238,N,
20190102,10:00:15.885330862,P,TSLA,,@F I,14,303.9,0,290508,7239,N,
20190102,10:00:15.885667733,P,TSLA,,@F I,16,303.9,0,290509,7240,N,
20190102,10:00:15.950129818,P,TSLA,,@F I,12,303.9,0,290511,7241,N,
20190102,10:00:15.950522682,P,TSLA,,@F I,75,303.9,0,290512,7242,N,
20190102,10:00:15.950533005,P,TSLA,,@F I,12,303.9,0,290513,7243,N,
20190102,10:00:15.950666012,Q,TSLA,,@  I,91,303.88,0,290514,15853,N,
20190102,10:00:15.950783180,P,TSLA,,@F I,31,303.9,0,290515,7244,N,
20190102,10:00:16.282526336,D,TSLA,,@  I,12,303.8554,0,290542,4107,N,N
20190102,10:00:17.600584858,J,TSLA,,@F,100,303.83,0,290886,487,N,
20190102,10:00:18.139676552,Z,TSLA,,@  I,50,303.75,0,290932,2116,N,
20190102,10:00:18.166438702,Q,TSLA,,@F I,8,303.7,0,290939,15854,N,
20190102,10:00:18.166568234,P,TSLA,,@F I,9,303.75,0,290940,7245,N,
20190102,10:00:18.166580024,P,TSLA,,@F,164,303.75,0,290941,7246,N,
20190102,10:00:18.166655009,P,TSLA,,@F,100,303.75,0,290942,7247,N,
20190102,10:00:18.167020659,P,TSLA,,@F,100,303.75,0,290943,7248,N,
20190102,10:00:18.324062344,D,TSLA,,@  I,1,303.8799,0,290950,6651,N,Q
20190102,10:00:18.408957552,Z,TSLA,,@F I,6,303.78,0,290955,2117,N,
20190102,10:00:18.408992273,Z,TSLA,,@  I,89,303.78,0,290956,2118,N,
20190102,10:00:18.539883681,D,TSLA,,@  I,10,303.87,0,290959,4108,N,N
20190102,10:00:18.601094149,V,TSLA,,@  I,12,303.815,0,290960,1239,N,
20190102,10:00:18.731298028,D,TSLA,,@  I,1,303.87,0,290964,4109,N,N
20190102,10:00:18.882271309,P,TSLA,,@F,200,303.75,0,290974,7249,N,
20190102,10:00:18.882344803,P,TSLA,,@F,100,303.75,0,290975,7250,N,
20190102,10:00:19.535641905,P,TSLA,,@F,100,303.75,0,291011,7251,N,
20190102,10:00:19.535651583,P,TSLA,,@F,200,303.75,0,291012,7252,N,
20190102,10:00:19.548084750,P,TSLA,,@F,150,303.75,0,291013,7253,N,
20190102,10:00:19.571139763,D,TSLA,,@,100,303.8153,0,291015,6652,N,Q
20190102,10:00:19.627822207,D,TSLA,,@  I,3,303.8799,0,291019,4110,N,N
20190102,10:00:19.940061270,P,TSLA,,@  I,5,303.78,0,291037,7254,N,
20190102,10:00:21.002668420,D,TSLA,,@  I,8,303.87,0,291346,4111,N,N
20190102,10:00:22.711681631,D,TSLA,,@  I,1,303.8605,0,291766,4112,N,N
20190102,10:00:23.116128378,D,TSLA,,@  I,2,303.88,0,291785,6653,N,Q
20190102,10:00:23.311687206,D,TSLA,,@  I,20,303.765,0,291799,4113,N,N
20190102,10:00:23.581710050,D,TSLA,,@  I,1,303.87,0,291811,4114,N,N
20190102,10:00:23.621685978,D,TSLA,,@  I,10,303.8316,0,291813,4115,N,N
20190102,10:00:24.345148249,D,TSLA,,@  I,90,303.88,0,291920,6654,N,Q
20190102,10:00:24.640784997,D,TSLA,,@  I,49,303.88,0,291952,6655,N,Q
20190102,10:00:24.841581680,D,TSLA,,@  I,2,303.87,0,291967,4116,N,N
20190102,10:00:25.320513022,D,TSLA,,@,137,303.88,0,292016,6656,N,Q
20190102,10:00:26.258029447,D,TSLA,,@,143,303.844,0,292073,6657,N,Q
20190102,10:00:26.259874782,V,TSLA,,@  I,51,303.88,0,292074,1240,N,
20190102,10:00:26.260740049,Q,TSLA,,@,100,303.81,0,292075,15855,N,
20190102,10:00:26.288483964,D,TSLA,,@  I,5,303.8234,0,292195,6658,N,Q
20190102,10:00:26.806344199,D,TSLA,,@  I,63,303.8071,0,292287,6659,N,Q
20190102,10:00:27.239825271,Q,TSLA,,@F I,10,303.87,0,292313,15856,N,
20190102,10:00:27.239829242,Q,TSLA,,@F I,27,303.87,0,292314,15857,N,
20190102,10:00:27.240441537,Q,TSLA,,@,200,303.88,0,292315,15858,N,
20190102,10:00:27.240446258,Q,TSLA,,@,100,303.88,0,292316,15859,N,
20190102,10:00:27.240449179,Q,TSLA,,@,100,303.88,0,292317,15860,N,
20190102,10:00:27.240453554,Q,TSLA,,@  I,20,303.88,0,292318,15861,N,
20190102,10:00:27.240478052,Q,TSLA,,@F I,80,303.88,0,292319,15862,N,
20190102,10:00:27.240481241,Q,TSLA,,@F,100,303.88,0,292320,15863,N,
20190102,10:00:27.240500650,Z,TSLA,,@,100,303.88,0,292321,2119,N,
20190102,10:00:27.240507539,Z,TSLA,,@  I,78,303.88,0,292322,2120,N,
20190102,10:00:27.240781327,Z,TSLA,,@F I,22,303.88,0,292323,2121,N,
20190102,10:00:27.241031352,P,TSLA,,@F,100,303.88,0,292324,7255,N,
20190102,10:00:27.241054109,P,TSLA,,@F,100,303.88,0,292325,7256,N,
20190102,10:00:27.242046875,Q,TSLA,,@F I,65,303.99,0,292326,15864,N,
20190102,10:00:27.245035231,D,TSLA,,@  I,65,303.885,0,292327,6660,N,Q
20190102,10:00:27.245451246,D,TSLA,,@,100,303.885,0,292328,6661,N,Q
20190102,10:00:27.763746463,Q,TSLA,,@  I,48,303.97,0,292381,15865,N,
20190102,10:00:27.763750653,Q,TSLA,,@  I,52,303.97,0,292382,15866,N,
20190102,10:00:28.016090525,D,TSLA,,@  I,5,303.965,0,292416,6662,N,Q
20190102,10:00:28.269379672,C,TSLA,,@F,100,303.88,0,292441,149,N,
20190102,10:00:28.275329113,P,TSLA,,@,100,303.93,0,292442,7257,N,
20190102,10:00:28.277381209,D,TSLA,,@  I,60,303.97,0,292443,6663,N,Q
20190102,10:00:28.471064941,P,TSLA,,@  I,12,303.94,0,292452,7258,N,
20190102,10:00:28.856766465,Q,TSLA,,@F,100,303.83,0,292509,15867,N,
20190102,10:00:28.971402876,D,TSLA,,@  I,50,303.9025,0,292517,6664,N,Q
20190102,10:00:28.976142377,D,TSLA,,@  I,7,303.969,0,292518,6665,N,Q
20190102,10:00:29.429056599,D,TSLA,,@,100,303.95,0,292586,4117,N,N
20190102,10:00:29.591481393,Q,TSLA,,@F,100,303.82,0,292602,15868,N,
20190102,10:00:29.592721489,D,TSLA,,@  I,2,303.97,0,292603,4118,N,N
20190102,10:00:29.778341760,Z,TSLA,,@,160,303.9,0,292690,2122,N,
20190102,10:00:29.808532806,Q,TSLA,,@,100,303.91,0,292693,15869,N,
20190102,10:00:29.835655185,Q,TSLA,,@,100,303.82,0,292694,15870,N,
20190102,10:00:29.835659769,Q,TSLA,,@  I,15,303.8,0,292695,15871,N,
20190102,10:00:29.835669530,Q,TSLA,,@F I,85,303.8,0,292696,15872,N,
20190102,10:00:29.994804618,D,TSLA,,@  I,30,303.7901,0,292711,6666,N,Q
20190102,10:00:30.237713935,D,TSLA,,@  I,20,303.892,0,292736,4119,N,N
20190102,10:00:30.952079654,D,TSLA,,@  I,40,303.8835,0,293400,6667,N,Q
20190102,10:00:31.365421792,D,TSLA,,@  I,10,303.9599,0,293439,6668,N,Q
20190102,10:00:31.764799754,D,TSLA,,@  I,20,303.8835,0,293514,6669,N,Q
20190102,10:00:31.860951748,K,TSLA,,@  I,3,303.88,0,293520,3382,N,
20190102,10:00:32.109737258,D,TSLA,,@  I,40,303.8744,0,293528,4120,N,N
20190102,10:00:32.130740520,D,TSLA,,@,100,303.8899,0,293530,4121,N,N
20190102,10:00:32.151758895,D,TSLA,,@  I,3,303.96,0,293531,4122,N,N
20190102,10:00:32.416736257,Q,TSLA,,@F,100,303.94,0,293541,15873,N,
20190102,10:00:32.416750233,Q,TSLA,,@F,100,303.95,0,293542,15874,N,
20190102,10:00:32.416752553,Q,TSLA,,@F I,12,303.95,0,293543,15875,N,
20190102,10:00:32.416756697,Q,TSLA,,@F I,88,303.96,0,293544,15876,N,
20190102,10:00:32.417377730,Q,TSLA,,@F I,12,303.96,0,293545,15877,N,
20190102,10:00:32.417465490,P,TSLA,,@F,100,303.96,0,293546,7259,N,
20190102,10:00:32.828187837,Q,TSLA,,@,100,303.83,0,293576,15878,N,
20190102,10:00:33.045686582,D,TSLA,,@,100,303.96,0,293581,6670,N,Q
20190102,10:00:33.046923802,D,TSLA,,@,100,303.9573,0,293582,6671,N,Q
20190102,10:00:33.842469220,D,TSLA,,@  I,1,303.9599,0,293635,6672,N,Q
20190102,10:00:33.904136475,D,TSLA,,@,100,303.9599,0,293638,6673,N,Q
20190102,10:00:33.933573590,D,TSLA,,@  I,20,303.9573,0,293639,6674,N,Q
20190102,10:00:34.073507833,P,TSLA,,@,100,303.96,0,293671,7260,N,
20190102,10:00:34.073563303,Y,TSLA,,@F I,5,303.96,0,293672,717,N,
20190102,10:00:34.095912119,Q,TSLA,,@F I,35,303.99,0,293677,15879,N,
20190102,10:00:34.095915996,Q,TSLA,,@F I,46,303.99,0,293678,15880,N,
20190102,10:00:34.190749692,D,TSLA,,@,100,303.895,0,293691,4123,N,N
20190102,10:00:34.361768548,D,TSLA,,@  I,10,303.99,0,293710,4124,N,N
20190102,10:00:34.668774367,D,TSLA,,@,100,303.9224,0,293719,6675,N,Q
20190102,10:00:34.755753180,D,TSLA,,@,100,303.88,0,293724,4125,N,N
20190102,10:00:34.773571491,D,TSLA,,@  I,25,303.9242,0,293725,6676,N,Q
20190102,10:00:34.901758541,D,TSLA,,@  I,1,303.9615,0,293739,4126,N,N
20190102,10:00:34.922066906,Q,TSLA,,@F I,30,303.98,0,293741,15881,N,
20190102,10:00:35.002761262,D,TSLA,,@  I,3,303.99,0,293745,4127,N,N
20190102,10:00:35.793382874,D,TSLA,,@  I,3,303.9899,0,293813,6677,N,Q
20190102,10:00:36.119245755,K,TSLA,,@  I,10,303.88,0,293831,3383,N,
20190102,10:00:36.181573107,D,TSLA,,@  I,1,303.9899,0,293839,6678,N,Q
20190102,10:00:36.193552620,D,TSLA,,@  I,50,303.9129,0,293840,4128,N,N
20190102,10:00:36.213406685,D,TSLA,,@,200,303.895,0,293841,4129,N,N
20190102,10:00:36.554614285,D,TSLA,,@  I,1,303.97900000000004,0,293853,6679,N,Q
20190102,10:00:36.691894219,D,TSLA,,@,200,303.8899,0,293880,4130,N,N
20190102,10:00:36.989743830,P,TSLA,,@F I,10,303.82,0,293894,7261,N,
20190102,10:00:36.990100511,K,TSLA,,@F I,90,303.8,0,293895,3384,N,
20190102,10:00:36.990141673,Q,TSLA,,@F,100,303.79,0,293896,15882,N,
20190102,10:00:36.990145726,Q,TSLA,,@F I,57,303.79,0,293897,15883,N,
20190102,10:00:36.990230103,K,TSLA,,@F I,10,303.8,0,293898,3385,N,
20190102,10:00:36.990251511,K,TSLA,,@F I,2,303.8,0,293899,3386,N,
20190102,10:00:36.990790691,V,TSLA,,@  I,5,303.86,0,293900,1241,N,
20190102,10:00:36.991397574,K,TSLA,,@F I,5,303.8,0,293901,3387,N,
20190102,10:00:37.501982681,D,TSLA,,@  I,5,303.9699,0,293936,6680,N,Q
20190102,10:00:37.754693653,D,TSLA,,@  I,8,303.88,0,293948,6681,N,Q
20190102,10:00:38.878779672,D,TSLA,,@,100,303.8989,0,294041,4131,N,N
20190102,10:00:39.010676788,D,TSLA,,@  I,7,303.9269,0,294051,6682,N,Q
20190102,10:00:39.451077517,D,TSLA,,@  I,19,303.9699,0,294090,6683,N,Q
20190102,10:00:40.097041153,P,TSLA,,@  I,20,303.92,0,294109,7262,N,
20190102,10:00:40.101475918,P,TSLA,,@F I,10,303.92,0,294110,7263,N,
20190102,10:00:40.101551937,P,TSLA,,@  I,10,303.92,0,294111,7264,N,
20190102,10:00:40.205238153,Q,TSLA,,@,100,303.97,0,294118,15884,N,
20190102,10:00:40.205242459,Q,TSLA,,@,100,303.97,0,294119,15885,N,
20190102,10:00:40.205265580,Q,TSLA,,@F I,54,303.99,0,294120,15886,N,
20190102,10:00:40.205268573,Q,TSLA,,@F,100,303.99,0,294121,15887,N,
20190102,10:00:40.205678206,B,TSLA,,@  I,20,303.98,0,294122,611,N,
20190102,10:00:40.205678885,Q,TSLA,,@F,100,304.0,0,294123,15888,N,
20190102,10:00:40.205682943,Q,TSLA,,@F I,10,304.0,0,294124,15889,N,
20190102,10:00:40.205695856,Z,TSLA,,@F,100,304.0,0,294125,2123,N,
20190102,10:00:40.205710993,B,TSLA,,@  I,80,303.98,0,294126,612,N,
20190102,10:00:40.205751734,K,TSLA,,@F,300,304.0,0,294127,3388,N,
20190102,10:00:40.205813049,Y,TSLA,,@  I,20,303.98,0,294128,718,N,
20190102,10:00:40.205818324,Q,TSLA,,@  I,80,304.0,0,294129,15890,N,
20190102,10:00:40.205864720,Y,TSLA,,@  I,20,303.98,0,294130,719,N,
20190102,10:00:40.205990816,Z,TSLA,,@F I,20,304.0,0,294131,2124,N,
20190102,10:00:40.206009942,Y,TSLA,,@  I,50,303.98,0,294132,720,N,
20190102,10:00:40.206090003,Y,TSLA,,@  I,10,303.98,0,294133,721,N,
20190102,10:00:40.206132813,K,TSLA,,@F I,20,304.0,0,294134,3389,N,
20190102,10:00:40.206174034,Z,TSLA,,@  I,20,304.0,0,294135,2125,N,
20190102,10:00:40.206198253,Q,TSLA,,@F I,50,304.0,0,294136,15891,N,
20190102,10:00:40.207403480,P,TSLA,,@F,100,304.06,0,294137,7265,N,
20190102,10:00:40.208059400,Q,TSLA,,@F,100,304.03,0,294138,15892,N,
20190102,10:00:40.208064127,Q,TSLA,,@F,100,304.07,0,294139,15893,N,
20190102,10:00:40.208245466,Q,TSLA,,@F,200,304.09,0,294140,15894,N,
20190102,10:00:40.208416526,Q,TSLA,,@F,100,304.1,0,294141,15895,N,
20190102,10:00:40.209156604,Q,TSLA,,@F,100,304.1,0,294142,15896,N,
20190102,10:00:40.209159268,Q,TSLA,,@F,100,304.1,0,294143,15897,N,
20190102,10:00:40.210103030,K,TSLA,,@F I,12,304.11,0,294144,3390,N,
20190102,10:00:40.210122493,P,TSLA,,@F,100,304.11,0,294145,7266,N,
20190102,10:00:40.210132365,P,TSLA,,@F,100,304.11,0,294146,7267,N,
20190102,10:00:40.210180456,Q,TSLA,,@F I,3,304.11,0,294147,15898,N,
20190102,10:00:40.210247235,Q,TSLA,,@F I,97,304.11,0,294148,15899,N,
20190102,10:00:40.210258982,Q,TSLA,,@F I,3,304.11,0,294149,15900,N,
20190102,10:00:40.210448451,Q,TSLA,,@F I,91,304.12,0,294150,15901,N,
20190102,10:00:40.210543902,K,TSLA,,@  I,88,304.11,0,294151,3391,N,
20190102,10:00:40.210717081,Q,TSLA,,@F,112,304.18,0,294152,15902,N,
20190102,10:00:40.210751176,Q,TSLA,,@,488,304.18,0,294153,15903,N,
20190102,10:00:40.211148464,Q,TSLA,,@F,300,304.23,0,294154,15904,N,
20190102,10:00:40.211179431,Q,TSLA,,@,700,304.23,0,294155,15905,N,
20190102,10:00:40.211501465,Z,TSLA,,@F,100,304.24,0,294156,2126,N,
20190102,10:00:40.211545396,Z,TSLA,,@F I,93,304.24,0,294157,2127,N,
20190102,10:00:40.211690987,Z,TSLA,,@F,100,304.24,0,294158,2128,N,
20190102,10:00:40.211706373,Z,TSLA,,@F,100,304.24,0,294159,2129,N,
20190102,10:00:40.211719462,Q,TSLA,,@F I,3,304.25,0,294160,15906,N,
20190102,10:00:40.211730405,Z,TSLA,,@  I,7,304.24,0,294161,2130,N,
20190102,10:00:40.211735574,Z,TSLA,,@  I,16,304.25,0,294162,2131,N,
20190102,10:00:40.211740745,Z,TSLA,,@  I,77,304.28,0,294163,2132,N,
20190102,10:00:40.211795905,K,TSLA,,@F,100,304.29,0,294164,3392,N,
20190102,10:00:40.212141559,Y,TSLA,,@F I,16,304.25,0,294165,722,N,
20190102,10:00:40.212384314,Q,TSLA,,@F I,35,304.29,0,294166,15907,N,
20190102,10:00:40.212388336,Q,TSLA,,@F I,16,304.29,0,294167,15908,N,
20190102,10:00:40.212454676,Q,TSLA,,@F,164,304.3,0,294168,15909,N,
20190102,10:00:40.212472726,Q,TSLA,,@  I,10,304.31,0,294169,15910,N,
20190102,10:00:40.213643512,M,TSLA,,@F,100,304.39,0,294170,102,N,
20190102,10:00:40.340124211,Q,TSLA,,@  I,10,304.1,0,294186,15911,N,
20190102,10:00:40.617233934,D,TSLA,,@  I,10,304.35,0,294193,6684,N,Q
20190102,10:00:41.800643839,D,TSLA,,@  I,9,304.0401,0,294252,4132,N,N
20190102,10:00:41.886580306,Q,TSLA,,@F,100,304.37,0,294258,15912,N,
20190102,10:00:41.886651571,Q,TSLA,,@F,100,304.39,0,294259,15913,N,
20190102,10:00:41.886654709,Q,TSLA,,@F,100,304.39,0,294260,15914,N,
20190102,10:00:41.900146772,Q,TSLA,,@F,100,304.39,0,294263,15915,N,
20190102,10:00:41.900915972,P,TSLA,,@F I,50,304.39,0,294264,7268,N,
20190102,10:00:42.013059327,V,TSLA,,@,100,304.4,0,294288,1242,N,
20190102,10:00:42.042428584,D,TSLA,,@,350,304.2272,0,294291,6685,N,Q
20190102,10:00:42.175367812,Q,TSLA,,@,100,304.22,0,294296,15916,N,
20190102,10:00:42.175371821,Q,TSLA,,@,100,304.15,0,294297,15917,N,
20190102,10:00:42.175375801,Q,TSLA,,@,100,304.09,0,294298,15918,N,
20190102,10:00:42.199805741,D,TSLA,,@,300,304.2624,0,294299,4133,N,N
20190102,10:00:42.301038984,D,TSLA,,@  I,30,304.35,0,294301,6686,N,Q
20190102,10:00:42.321856137,D,TSLA,,@  I,40,304.28,0,294304,4134,N,N
20190102,10:00:43.292409368,K,TSLA,,@F I,8,304.26,0,294409,3393,N,
20190102,10:00:43.292516656,K,TSLA,,@  I,92,304.26,0,294410,3394,N,
20190102,10:00:43.420953663,D,TSLA,,@,400,304.2502,0,294437,4135,N,N
20190102,10:00:43.733512700,D,TSLA,,@,100,304.39,0,294455,6687,N,Q
20190102,10:00:43.831983074,Q,TSLA,,@,100,304.39,0,294462,15919,N,
20190102,10:00:43.835813035,D,TSLA,,@  I,3,304.3999,0,294463,4136,N,N
20190102,10:00:43.856992484,M,TSLA,,@F,100,304.19,0,294571,103,N,
20190102,10:00:43.925620232,V,TSLA,,@,100,304.4,0,294847,1243,N,
20190102,10:00:43.940140710,J,TSLA,,@F I,8,304.15,0,294873,488,N,
20190102,10:00:43.940248644,J,TSLA,,@  I,92,304.15,0,294875,489,N,
20190102,10:00:44.241717329,Q,TSLA,,@F,100,304.26,0,294974,15920,N,
20190102,10:00:44.284884609,D,TSLA,,@,800,304.19,0,294975,6688,N,Q
20190102,10:00:44.681814173,D,TSLA,,@,100,304.2542,0,294993,4137,N,N
20190102,10:00:44.957042424,D,TSLA,,@,100,304.36,0,295027,6689,N,Q
20190102,10:00:45.141236027,D,TSLA,,@,155,304.274,0,295041,4138,N,N
20190102,10:00:45.280241915,D,TSLA,,@,200,304.225,0,295057,6690,N,Q
20190102,10:00:45.377293172,D,TSLA,,@  I,40,304.05,0,295061,6691,N,Q
20190102,10:00:45.532752157,P,TSLA,,@F I,40,304.23,0,295067,7269,N,
20190102,10:00:45.680838211,D,TSLA,,@  I,15,304.2484,0,295070,4139,N,N
20190102,10:00:45.838208403,B,TSLA,,@F,100,304.09,0,295108,613,N,
20190102,10:00:45.838211415,B,TSLA,,@F I,8,304.06,0,295109,614,N,
20190102,10:00:45.838232945,Q,TSLA,,@F,100,304.09,0,295110,15921,N,
20190102,10:00:45.838238140,Q,TSLA,,@F,100,304.07,0,295111,15922,N,
20190102,10:00:45.838242778,Q,TSLA,,@F I,8,304.05,0,295112,15923,N,
20190102,10:00:45.838352135,P,TSLA,,@F I,8,304.13,0,295113,7270,N,
20190102,10:00:45.838636225,K,TSLA,,@F,100,304.05,0,295114,3395,N,
20190102,10:00:45.838637882,Z,TSLA,,@F,100,304.05,0,295115,2133,N,
20190102,10:00:45.838642590,K,TSLA,,@F I,20,304.05,0,295116,3396,N,
20190102,10:00:45.838741435,P,TSLA,,@F I,20,304.13,0,295117,7271,N,
20190102,10:00:45.838824962,P,TSLA,,@F I,20,304.1,0,295118,7272,N,
20190102,10:00:45.838825816,C,TSLA,,@F,100,304.06,0,295119,150,N,
20190102,10:00:45.838923659,K,TSLA,,@F I,80,304.05,0,295120,3397,N,
20190102,10:00:45.839064444,V,TSLA,,@,100,304.05,0,295121,1244,N,
20190102,10:00:45.951118724,D,TSLA,,@  I,5,304.157,0,295124,4140,N,N
20190102,10:00:46.081844904,D,TSLA,,@,100,304.14,0,295133,6692,N,Q
20190102,10:00:47.037282789,Q,TSLA,,@F,100,304.08,0,295242,15924,N,
20190102,10:00:47.061914852,D,TSLA,,@,100,304.1596,0,295243,6693,N,Q
20190102,10:00:47.182828397,D,TSLA,,@  I,1,304.28,0,295247,4141,N,N
20190102,10:00:47.222472958,D,TSLA,,@,200,304.1646,0,295249,6694,N,Q
20190102,10:00:47.339833334,D,TSLA,,@  I,1,304.28,0,295252,4142,N,N
20190102,10:00:48.083518559,Q,TSLA,,@  I,92,304.05,0,295286,15925,N,
20190102,10:00:48.083552695,B,TSLA,,@F,100,304.05,0,295287,615,N,
20190102,10:00:48.083571035,Q,TSLA,,@F I,8,304.04,0,295288,15926,N,
20190102,10:00:48.083574944,Q,TSLA,,@F,100,304.04,0,295289,15927,N,
20190102,10:00:48.086220692,K,TSLA,,@  I,5,304.0,0,295290,3398,N,
20190102,10:00:48.086228428,K,TSLA,,@,195,304.0,0,295291,3399,N,
20190102,10:00:48.086258770,Q,TSLA,,@F I,80,304.0,0,295292,15928,N,
20190102,10:00:48.086349898,K,TSLA,,@F,159,304.0,0,295293,3400,N,
20190102,10:00:48.086892315,K,TSLA,,@F,600,304.0,0,295294,3401,N,
20190102,10:00:48.087596043,P,TSLA,,@  I,10,303.97,0,295295,7273,N,
20190102,10:00:48.087674307,K,TSLA,,@  I,46,304.0,0,295296,3402,N,
20190102,10:00:48.087827982,K,TSLA,,@  I,10,303.97,0,295297,3403,N,
20190102,10:00:48.087917625,Q,TSLA,,@  I,3,303.96,0,295298,15929,N,
20190102,10:00:48.087920982,Q,TSLA,,@  I,4,303.96,0,295299,15930,N,
20190102,10:00:48.088492625,Q,TSLA,,@F,100,303.9,0,295300,15931,N,
20190102,10:00:48.250831617,Q,TSLA,,@F I,33,303.82,0,295324,15932,N,
20190102,10:00:48.250835473,Q,TSLA,,@F I,67,303.8,0,295325,15933,N,
20190102,10:00:48.377760589,Q,TSLA,,@  I,7,303.81,0,295336,15934,N,
20190102,10:00:48.593514121,Q,TSLA,,@F,113,303.8,0,295347,15935,N,
20190102,10:00:48.594054446,K,TSLA,,@F I,1,303.75,0,295348,3404,N,
20190102,10:00:48.594884380,P,TSLA,,@F I,50,303.75,0,295349,7274,N,
20190102,10:00:48.594892045,P,TSLA,,@F,136,303.75,0,295350,7275,N,
20190102,10:00:48.606307275,Q,TSLA,,@F,100,303.75,0,295351,15936,N,
20190102,10:00:48.607055330,P,TSLA,,@F I,50,303.75,0,295352,7276,N,
20190102,10:00:48.741790815,D,TSLA,,@  I,50,303.92,0,295353,6695,N,Q
20190102,10:00:48.892726859,V,TSLA,,@  I,30,303.77,0,295355,1245,N,
20190102,10:00:48.900130258,P,TSLA,,@F I,14,303.75,0,295356,7277,N,
20190102,10:00:48.900138494,P,TSLA,,@F I,49,303.75,0,295357,7278,N,
20190102,10:00:49.037358895,D,TSLA,,@  I,50,303.7501,0,295366,6696,N,Q
20190102,10:00:49.774547436,P,TSLA,,@  I,30,303.79,0,295419,7279,N,
20190102,10:00:49.945138846,D,TSLA,,@,200,303.8957,0,295438,6697,N,Q
20190102,10:00:50.171099316,Q,TSLA,,@  I,35,303.76,0,295447,15937,N,
20190102,10:00:50.522043530,Q,TSLA,,@F I,8,303.76,0,295477,15938,N,
20190102,10:00:50.522061205,Q,TSLA,,@,102,303.76,0,295478,15939,N,
20190102,10:00:50.522104529,Q,TSLA,,@  I,15,303.76,0,295479,15940,N,
20190102,10:00:50.522587936,K,TSLA,,@  I,4,303.75,0,295480,3405,N,
20190102,10:00:50.720116519,V,TSLA,,@  I,3,303.84,0,295499,1246,N,
20190102,10:00:50.830173724,V,TSLA,,@  I,1,303.84,0,295503,1247,N,
20190102,10:00:51.077930115,V,TSLA,,@  I,66,303.84,0,295516,1248,N,
20190102,10:00:51.077956166,V,TSLA,,@  I,34,303.84,0,295517,1249,N,
20190102,10:00:51.090461273,P,TSLA,,@F,100,303.75,0,295518,7280,N,
20190102,10:00:51.100853915,D,TSLA,,@,100,303.85,0,295525,4143,N,N
20190102,10:00:51.202863989,D,TSLA,,@,750,303.8484,0,295530,4144,N,N
20190102,10:00:51.666410417,Q,TSLA,,@F I,25,303.75,0,295575,15941,N,
20190102,10:00:51.746633753,D,TSLA,,@  I,20,303.903,0,295579,6698,N,Q
20190102,10:00:52.042865736,D,TSLA,,@  I,5,303.75,0,295624,4145,N,N
20190102,10:00:52.342328268,D,TSLA,,@  I,14,303.882,0,295633,6699,N,Q
20190102,10:00:52.538411097,Q,TSLA,,@  I,5,303.76,0,295638,15942,N,
20190102,10:00:53.032972141,D,TSLA,,@  I,40,303.8582,0,295664,4146,N,N
20190102,10:00:53.080440698,K,TSLA,,@  I,20,303.9,0,295671,3406,N,
20190102,10:00:53.173874280,D,TSLA,,@  I,3,303.99,0,295694,4147,N,N
20190102,10:00:53.225485202,J,TSLA,,@  I,4,303.91,0,295702,490,N,
20190102,10:00:53.836303964,D,TSLA,,@,100,303.91,0,295792,6700,N,Q
20190102,10:00:53.836385664,D,TSLA,,@,400,303.9162,0,295793,6701,N,Q
20190102,10:00:53.836778881,D,TSLA,,@  I,18,303.92,0,295794,6702,N,Q
20190102,10:00:53.839339290,D,TSLA,,@,282,303.9162,0,295795,6703,N,Q
20190102,10:00:53.870871145,P,TSLA,,@,100,303.91,0,295802,7281,N,
20190102,10:00:53.935635578,D,TSLA,,@  I,10,303.9162,0,295810,6704,N,Q
20190102,10:00:54.405430838,Q,TSLA,,@F I,3,303.92,0,295870,15943,N,
20190102,10:00:55.117169321,P,TSLA,,@F I,10,303.92,0,296057,7282,N,
20190102,10:00:55.147269698,P,TSLA,,@F I,10,303.91,0,296066,7283,N,
20190102,10:00:55.147318094,P,TSLA,,@F I,3,303.91,0,296067,7284,N,
20190102,10:00:55.148291319,P,TSLA,,@F I,10,303.92,0,296068,7285,N,
20190102,10:00:55.148334131,P,TSLA,,@F I,4,303.92,0,296069,7286,N,
20190102,10:00:55.148379374,P,TSLA,,@F I,6,303.92,0,296070,7287,N,
20190102,10:00:55.245123434,K,TSLA,,@F I,34,303.92,0,296075,3407,N,
20190102,10:00:55.252100258,P,TSLA,,@F I,35,303.92,0,296076,7288,N,
20190102,10:00:55.444207744,Q,TSLA,,@F I,75,303.79,0,296092,15944,N,
20190102,10:00:55.444620632,P,TSLA,,@F,100,303.77,0,296093,7289,N,
20190102,10:00:55.444630421,P,TSLA,,@F I,25,303.77,0,296094,7290,N,
20190102,10:00:55.759520034,D,TSLA,,@  I,6,303.8435,0,296125,6705,N,Q
20190102,10:00:55.769884288,D,TSLA,,@  I,10,303.851,0,296126,4148,N,N
20190102,10:00:55.831381193,D,TSLA,,@,650,303.818,0,296128,6706,N,Q
20190102,10:00:56.020902089,D,TSLA,,@  I,1,303.92,0,296139,4149,N,N
20190102,10:00:56.186131414,D,TSLA,,@  I,3,303.92,0,296203,6707,N,Q
20190102,10:00:56.625184506,D,TSLA,,@  I,10,303.835,0,296284,6708,N,Q
20190102,10:00:56.752175909,D,TSLA,,@  I,60,303.835,0,296331,6709,N,Q
20190102,10:00:57.228893130,D,TSLA,,@  I,35,303.8355,0,296378,4150,N,N
20190102,10:00:57.772893870,D,TSLA,,@  I,5,303.92,0,296391,4151,N,N
20190102,10:00:58.138936062,D,TSLA,,@  I,2,303.92,0,296408,4152,N,N
20190102,10:00:58.563469483,D,TSLA,,@,100,303.8677,0,296471,6710,N,Q
20190102,10:00:59.889515755,D,TSLA,,@  I,10,303.9173,0,296619,6711,N,Q
20190102,10:01:00.427914954,D,TSLA,,@,100,303.88,0,297168,4153,N,N
20190102,10:01:01.548916226,D,TSLA,,@,850,303.8361,0,297278,4154,N,N
20190102,10:01:01.582326677,P,TSLA,,@,100,303.91,0,297281,7291,N,
20190102,10:01:01.924335120,D,TSLA,,@  I,4,303.9162,0,297320,6712,N,Q
20190102,10:01:01.933094319,K,TSLA,,@  I,1,303.82,0,297321,3408,N,
20190102,10:01:02.568688071,D,TSLA,,@  I,10,303.8095,0,297377,6713,N,Q
20190102,10:01:02.805398405,Q,TSLA,,@,100,303.91,0,297397,15945,N,
20190102,10:01:02.805402398,Q,TSLA,,@  I,6,303.91,0,297398,15946,N,
20190102,10:01:02.805488754,J,TSLA,,@,100,303.9,0,297399,491,N,
20190102,10:01:02.806361299,D,TSLA,,@,100,303.91,0,297400,6714,N,Q
20190102,10:01:02.811936930,P,TSLA,,@  I,94,303.91900000000004,0,297401,7292,N,
20190102,10:01:02.817586122,D,TSLA,,@,1600,303.9071,0,297402,4155,N,N
20190102,10:01:02.847324678,P,TSLA,,@  I,21,303.92,0,297408,7293,N,
20190102,10:01:02.847335141,P,TSLA,,@  I,79,303.92,0,297409,7294,N,
20190102,10:01:02.872662663,P,TSLA,,@,100,303.83,0,297410,7295,N,
20190102,10:01:02.948529056,K,TSLA,,@F,100,303.82,0,297412,3409,N,
20190102,10:01:02.983774671,D,TSLA,,@,5000,303.8801,0,297414,6715,N,Q
20190102,10:01:03.190871816,D,TSLA,,@  I,18,303.8599,0,297424,4156,N,N
20190102,10:01:03.330112336,D,TSLA,,@  I,1,303.9035,0,297429,4157,N,N
20190102,10:01:03.760889079,D,TSLA,,@  I,5,303.9,0,297488,6716,N,Q
20190102,10:01:03.763930041,D,TSLA,,@  I,5,303.8802,0,297490,4158,N,N
20190102,10:01:04.061266883,Q,TSLA,,@F I,17,303.91,0,297537,15947,N,
20190102,10:01:04.418059145,Q,TSLA,,@  I,2,303.91,0,297559,15948,N,
20190102,10:01:04.419340494,D,TSLA,,@  I,1,303.9,0,297560,6717,N,Q
20190102,10:01:04.425673692,D,TSLA,,@  I,7,303.92,0,297561,6718,N,Q
20190102,10:01:04.468030952,D,TSLA,,@,100,303.9199,0,297562,6719,N,Q
20190102,10:01:04.471935566,D,TSLA,,@  I,10,303.8655,0,297563,4159,N,N
20190102,10:01:04.500023076,D,TSLA,,@,200,303.81,0,297564,6720,N,Q
20190102,10:01:05.567015404,Q,TSLA,,@  I,14,303.91,0,297623,15949,N,
20190102,10:01:06.153235486,Q,TSLA,,@  I,75,303.82,0,297683,15950,N,
20190102,10:01:06.153686513,B,TSLA,,@F,141,303.81,0,297684,616,N,
20190102,10:01:06.153694390,B,TSLA,,@F I,51,303.81,0,297685,617,N,
20190102,10:01:06.153705936,B,TSLA,,@F I,8,303.81,0,297686,618,N,
20190102,10:01:06.153706741,K,TSLA,,@,100,303.81,0,297687,3410,N,
20190102,10:01:06.154227357,Q,TSLA,,@F,100,303.77,0,297688,15951,N,
20190102,10:01:06.154246095,P,TSLA,,@F,100,303.81,0,297689,7296,N,
20190102,10:01:06.154255880,P,TSLA,,@F I,6,303.81,0,297690,7297,N,
20190102,10:01:06.154375689,P,TSLA,,@F I,51,303.75,0,297691,7298,N,
20190102,10:01:06.154385915,P,TSLA,,@F I,18,303.75,0,297692,7299,N,
20190102,10:01:06.184697774,P,TSLA,,@F,182,303.75,0,297693,7300,N,
20190102,10:01:06.186042791,P,TSLA,,@F,200,303.75,0,297694,7301,N,
20190102,10:01:06.186053438,P,TSLA,,@F,200,303.75,0,297695,7302,N,
20190102,10:01:06.186673634,Q,TSLA,,@F I,25,303.7,0,297696,15952,N,
20190102,10:01:06.186696324,K,TSLA,,@F,100,303.7,0,297697,3411,N,
20190102,10:01:06.186731475,Q,TSLA,,@F,272,303.68,0,297698,15953,N,
20190102,10:01:06.187171672,Q,TSLA,,@  I,3,303.66,0,297699,15954,N,
20190102,10:01:06.187551113,Q,TSLA,,@F,200,303.6,0,297700,15955,N,
20190102,10:01:06.187570796,X,TSLA,,@F,100,303.6,0,297701,269,N,
20190102,10:01:06.187682308,Q,TSLA,,@F I,5,303.6,0,297702,15956,N,
20190102,10:01:06.187686064,Q,TSLA,,@F I,5,303.6,0,297703,15957,N,
20190102,10:01:06.187756767,X,TSLA,,@F I,90,303.6,0,297704,270,N,
20190102,10:01:06.187814290,X,TSLA,,@F I,10,303.6,0,297705,271,N,
20190102,10:01:06.187885143,Q,TSLA,,@F,100,303.55,0,297706,15958,N,
20190102,10:01:06.187902078,Q,TSLA,,@F,250,303.56,0,297707,15959,N,
20190102,10:01:06.188090110,Q,TSLA,,@,100,303.53,0,297708,15960,N,
20190102,10:01:06.188146039,P,TSLA,,@F I,1,303.65,0,297709,7303,N,
20190102,10:01:06.188166654,Q,TSLA,,@F,278,303.52,0,297710,15961,N,
20190102,10:01:06.188176526,Q,TSLA,,@F I,92,303.52,0,297711,15962,N,
20190102,10:01:06.188226178,Q,TSLA,,@  I,30,303.52,0,297712,15963,N,
20190102,10:01:06.188356176,K,TSLA,,@  I,1,303.52,0,297713,3412,N,
20190102,10:01:06.188768128,K,TSLA,,@  I,10,303.51,0,297714,3413,N,
20190102,10:01:06.188776198,K,TSLA,,@  I,20,303.5,0,297715,3414,N,
20190102,10:01:06.188794528,Q,TSLA,,@F I,10,303.52,0,297716,15964,N,
20190102,10:01:06.188881857,Z,TSLA,,@  I,16,303.51,0,297717,2134,N,
20190102,10:01:06.188986414,Q,TSLA,,@F I,15,303.59,0,297718,15965,N,
20190102,10:01:06.188990172,Q,TSLA,,@F I,1,303.6,0,297719,15966,N,
20190102,10:01:06.188993458,Q,TSLA,,@F I,15,303.66,0,297720,15967,N,
20190102,10:01:06.188996969,P,TSLA,,@F I,7,303.67,0,297721,7304,N,
20190102,10:01:06.188997890,Q,TSLA,,@F I,15,303.67,0,297722,15968,N,
20190102,10:01:06.189067631,Z,TSLA,,@F I,10,303.59,0,297723,2135,N,
20190102,10:01:06.189075107,Z,TSLA,,@F I,10,303.66,0,297724,2136,N,
20190102,10:01:06.189080758,Z,TSLA,,@F I,98,303.67,0,297725,2137,N,
20190102,10:01:06.189090293,K,TSLA,,@F I,10,303.59,0,297726,3415,N,
20190102,10:01:06.189097760,K,TSLA,,@F I,10,303.66,0,297727,3416,N,
20190102,10:01:06.189103873,K,TSLA,,@F I,87,303.67,0,297728,3417,N,
20190102,10:01:06.189202213,P,TSLA,,@F,184,303.5,0,297729,7305,N,
20190102,10:01:06.189212464,P,TSLA,,@F I,98,303.5,0,297730,7306,N,
20190102,10:01:06.189223222,P,TSLA,,@F I,2,303.5,0,297731,7307,N,
20190102,10:01:06.189235079,P,TSLA,,@F I,2,303.5,0,297732,7308,N,
20190102,10:01:06.189242356,P,TSLA,,@F I,4,303.5,0,297733,7309,N,
20190102,10:01:06.189289057,Z,TSLA,,@F I,10,303.51,0,297734,2138,N,
20190102,10:01:06.189294513,Z,TSLA,,@F,100,303.51,0,297735,2139,N,
20190102,10:01:06.189299379,Z,TSLA,,@F I,50,303.5,0,297736,2140,N,
20190102,10:01:06.189535780,Q,TSLA,,@F I,24,303.67,0,297737,15969,N,
20190102,10:01:06.189567873,Q,TSLA,,@  I,10,303.55,0,297738,15970,N,
20190102,10:01:06.189599146,Q,TSLA,,@F I,10,303.54,0,297739,15971,N,
20190102,10:01:06.189730181,Q,TSLA,,@F I,10,303.66,0,297740,15972,N,
20190102,10:01:06.189734714,Q,TSLA,,@F I,19,303.67,0,297741,15973,N,
20190102,10:01:06.189795401,Z,TSLA,,@F,100,303.67,0,297742,2141,N,
20190102,10:01:06.189808827,Z,TSLA,,@F I,10,303.68,0,297743,2142,N,
20190102,10:01:06.234307879,P,TSLA,,@  I,43,303.63,0,297753,7310,N,
20190102,10:01:06.234369424,P,TSLA,,@  I,17,303.63,0,297754,7311,N,
20190102,10:01:06.263285300,D,TSLA,,@  I,15,303.51,0,297757,6721,N,Q
20190102,10:01:06.264052956,K,TSLA,,@  I,25,303.58,0,297758,3418,N,
20190102,10:01:06.264065024,Z,TSLA,,@  I,15,303.58,0,297759,2143,N,
20190102,10:01:06.363067884,Q,TSLA,,@  I,10,303.55,0,297765,15974,N,
20190102,10:01:06.665090930,P,TSLA,,@,100,303.52,0,297817,7312,N,
20190102,10:01:06.668227795,D,TSLA,,@,100,303.5102,0,297819,6722,N,Q
20190102,10:01:06.669007778,D,TSLA,,@,100,303.5001,0,297820,6723,N,Q
20190102,10:01:06.792762204,Q,TSLA,,@,100,303.51,0,297827,15975,N,
20190102,10:01:06.792789957,Q,TSLA,,@F I,40,303.51,0,297828,15976,N,
20190102,10:01:06.812949892,D,TSLA,,@,100,303.59,0,297841,4160,N,N
20190102,10:01:06.818628107,D,TSLA,,@,100,303.67,0,297867,6724,N,Q
20190102,10:01:07.159047768,D,TSLA,,@  I,1,303.68,0,297903,4161,N,N
20190102,10:01:07.353730962,Q,TSLA,,@,100,303.51,0,297916,15977,N,
20190102,10:01:07.353787842,Q,TSLA,,@,100,303.51,0,297917,15978,N,
20190102,10:01:07.376852872,Q,TSLA,,@,100,303.51,0,297918,15979,N,
20190102,10:01:07.501913915,Q,TSLA,,@,100,303.51,0,297924,15980,N,
20190102,10:01:07.549470135,Z,TSLA,,@,100,303.67,0,297925,2144,N,
20190102,10:01:07.819493815,P,TSLA,,@  I,6,303.57,0,298016,7313,N,
20190102,10:01:07.819556963,P,TSLA,,@  I,49,303.57,0,298017,7314,N,
20190102,10:01:08.023207396,P,TSLA,,@F I,50,303.61,0,298052,7315,N,
20190102,10:01:08.023572504,J,TSLA,,@F,100,303.5,0,298053,492,N,
20190102,10:01:08.023574625,Y,TSLA,,@F,100,303.5,0,298054,723,N,
20190102,10:01:08.023983254,N,TSLA,,@F I,50,303.5,0,298055,215,N,
20190102,10:01:08.024084780,Q,TSLA,,@  I,50,303.5,0,298056,15981,N,
20190102,10:01:08.024088777,Q,TSLA,,@  I,2,303.5,0,298057,15982,N,
20190102,10:01:08.024092692,Q,TSLA,,@  I,1,303.5,0,298058,15983,N,
20190102,10:01:08.024096496,Q,TSLA,,@  I,1,303.5,0,298059,15984,N,
20190102,10:01:08.024100613,Q,TSLA,,@  I,5,303.5,0,298060,15985,N,
20190102,10:01:08.024104446,Q,TSLA,,@  I,10,303.5,0,298061,15986,N,
20190102,10:01:08.024108216,Q,TSLA,,@,100,303.5,0,298062,15987,N,
20190102,10:01:08.142791103,D,TSLA,,@  I,5,303.6699,0,298072,6725,N,Q
20190102,10:01:08.148959533,D,TSLA,,@  I,1,303.67,0,298073,4162,N,N
20190102,10:01:08.544386954,J,TSLA,,@  I,10,303.61,0,298093,493,N,
20190102,10:01:08.568832958,Z,TSLA,,@,100,303.63,0,298097,2145,N,
20190102,10:01:08.568839092,Z,TSLA,,@  I,99,303.65,0,298098,2146,N,
20190102,10:01:08.841122272,Y,TSLA,,@,100,303.52,0,298221,724,N,
20190102,10:01:08.842675047,D,TSLA,,@,100,303.501,0,298222,6726,N,Q
20190102,10:01:08.851219844,D,TSLA,,@  I,10,303.6699,0,298223,6727,N,Q
20190102,10:01:08.955995586,Q,TSLA,,@  I,1,303.5,0,298232,15988,N,
20190102,10:01:09.156693064,Q,TSLA,,@,100,303.5,0,298308,15989,N,
20190102,10:01:09.497172217,D,TSLA,,@  I,2,303.585,0,298549,6728,N,Q
20190102,10:01:09.514110432,Q,TSLA,,@  I,14,303.59,0,298564,15990,N,
20190102,10:01:09.523846373,B,TSLA,,@  I,95,303.5,0,298569,619,N,
20190102,10:01:09.523873925,B,TSLA,,@F I,5,303.5,0,298570,620,N,
20190102,10:01:09.524403521,P,TSLA,,@  I,95,303.5,0,298571,7316,N,
20190102,10:01:09.532694412,Z,TSLA,,@,100,303.51,0,298574,2147,N,
20190102,10:01:09.577776611,D,TSLA,,@  I,15,303.5001,0,298613,6729,N,Q
20190102,10:01:10.034385178,D,TSLA,,@  I,23,303.5092,0,298722,4163,N,N
20190102,10:01:10.074017028,Y,TSLA,,@  I,50,303.505,0,298725,725,N,
20190102,10:01:10.279273305,D,TSLA,,@  I,4,303.5085,0,298764,6730,N,Q
20190102,10:01:10.333240911,D,TSLA,,@  I,15,303.5096,0,298772,6731,N,Q
20190102,10:01:10.334529856,D,TSLA,,@  I,15,303.51,0,298773,6732,N,Q
20190102,10:01:10.441729227,Q,TSLA,,@F,100,303.51,0,298784,15991,N,
20190102,10:01:10.441777789,Q,TSLA,,@  I,29,303.51,0,298785,15992,N,
20190102,10:01:10.683659855,D,TSLA,,@,100,303.5,0,298810,6733,N,Q
20190102,10:01:10.685994342,D,TSLA,,@,100,303.5,0,298812,6734,N,Q
20190102,10:01:11.049399560,P,TSLA,,@F,100,303.5,0,298852,7317,N,
20190102,10:01:11.238213683,D,TSLA,,@,100,303.5,0,298925,6735,N,Q
20190102,10:01:11.238914497,D,TSLA,,@,100,303.5,0,298926,6736,N,Q
20190102,10:01:11.240214714,P,TSLA,,@F I,5,303.5,0,298927,7318,N,
20190102,10:01:11.240223359,P,TSLA,,@F I,44,303.5,0,298928,7319,N,
20190102,10:01:11.240233996,P,TSLA,,@F I,44,303.5,0,298929,7320,N,
20190102,10:01:11.240244415,P,TSLA,,@F,200,303.5,0,298930,7321,N,
20190102,10:01:11.240254309,P,TSLA,,@F,507,303.5,0,298931,7322,N,
20190102,10:01:11.241122000,P,TSLA,,@F,200,303.5,0,298932,7323,N,
20190102,10:01:11.427801923,D,TSLA,,@  I,2,303.51,0,298950,6737,N,Q
20190102,10:01:11.780230226,P,TSLA,,@F,100,303.5,0,298959,7324,N,
20190102,10:01:11.912476549,Q,TSLA,,@,100,303.5,0,298966,15993,N,
20190102,10:01:12.164040433,Q,TSLA,,@,100,303.5,0,299016,15994,N,
20190102,10:01:12.242282509,D,TSLA,,@  I,50,303.5001,0,299019,6738,N,Q
20190102,10:01:12.262114052,D,TSLA,,@  I,2,303.5,0,299021,6739,N,Q
20190102,10:01:12.310248294,P,TSLA,,@F,100,303.5,0,299022,7325,N,
20190102,10:01:12.603044191,D,TSLA,,@  I,10,303.505,0,299124,6740,N,Q
20190102,10:01:12.864138076,D,TSLA,,@,300,303.5099,0,299238,6741,N,Q
20190102,10:01:13.081650352,D,TSLA,,@,100,303.5,0,299293,6742,N,Q
20190102,10:01:13.181543162,P,TSLA,,@F I,80,303.5,0,299331,7326,N,
20190102,10:01:13.182176204,P,TSLA,,@F,100,303.5,0,299332,7327,N,
20190102,10:01:13.292250328,Q,TSLA,,@F,100,303.51,0,299367,15995,N,
20190102,10:01:13.292253069,Q,TSLA,,@F,200,303.51,0,299368,15996,N,
20190102,10:01:13.292257326,Q,TSLA,,@F,100,303.51,0,299369,15997,N,
20190102,10:01:13.292356712,K,TSLA,,@F,100,303.51,0,299370,3419,N,
20190102,10:01:13.292387024,Q,TSLA,,@F,100,303.51,0,299371,15998,N,
20190102,10:01:13.292590428,K,TSLA,,@F,200,303.51,0,299372,3420,N,
20190102,10:01:13.292832046,P,TSLA,,@F I,50,303.51,0,299373,7328,N,
20190102,10:01:13.292849783,P,TSLA,,@F I,21,303.51,0,299374,7329,N,
20190102,10:01:13.292860207,P,TSLA,,@F I,29,303.51,0,299375,7330,N,
20190102,10:01:13.321942814,Q,TSLA,,@,100,303.5,0,299380,15999,N,
20190102,10:01:13.487242631,D,TSLA,,@  I,50,303.505,0,299436,4164,N,N
20190102,10:01:13.827390473,D,TSLA,,@  I,21,303.51,0,299474,6743,N,Q
20190102,10:01:13.934635253,D,TSLA,,@  I,1,303.5099,0,299519,6744,N,Q
20190102,10:01:14.011713300,D,TSLA,,@  I,2,303.5099,0,299529,6745,N,Q
20190102,10:01:14.029992985,D,TSLA,,@  I,23,303.5099,0,299530,4165,N,N
20190102,10:01:14.082000418,P,TSLA,,@F I,20,303.5,0,299552,7331,N,
20190102,10:01:14.082009493,P,TSLA,,@F,180,303.5,0,299553,7332,N,
20190102,10:01:14.082099153,P,TSLA,,@F I,20,303.5,0,299554,7333,N,
20190102,10:01:14.082109317,P,TSLA,,@F,200,303.5,0,299555,7334,N,
20190102,10:01:14.333018260,P,TSLA,,@F,200,303.5,0,299670,7335,N,
20190102,10:01:14.333093647,P,TSLA,,@F,200,303.5,0,299671,7336,N,
20190102,10:01:14.333113634,P,TSLA,,@F,129,303.5,0,299672,7337,N,
20190102,10:01:14.333367349,Q,TSLA,,@,200,303.42,0,299673,16000,N,
20190102,10:01:14.333393233,Q,TSLA,,@F I,12,303.41,0,299674,16001,N,
20190102,10:01:14.333404254,Q,TSLA,,@F I,40,303.4,0,299675,16002,N,
20190102,10:01:14.333421128,Q,TSLA,,@F I,3,303.36,0,299676,16003,N,
20190102,10:01:14.334007261,P,TSLA,,@F,100,303.4,0,299677,7338,N,
20190102,10:01:14.334333570,Q,TSLA,,@F,100,303.3,0,299678,16004,N,
20190102,10:01:14.334337662,Q,TSLA,,@F I,1,303.3,0,299679,16005,N,
20190102,10:01:14.334371350,Q,TSLA,,@F I,2,303.26,0,299680,16006,N,
20190102,10:01:14.334376874,Q,TSLA,,@F I,1,303.26,0,299681,16007,N,
20190102,10:01:14.334402263,Q,TSLA,,@F,113,303.25,0,299682,16008,N,
20190102,10:01:14.334419194,Q,TSLA,,@F I,4,303.25,0,299683,16009,N,
20190102,10:01:14.334627929,P,TSLA,,@,100,303.3,0,299684,7339,N,
20190102,10:01:14.334742038,Y,TSLA,,@F I,16,303.26,0,299685,726,N,
20190102,10:01:14.334774051,Z,TSLA,,@F I,16,303.27,0,299686,2148,N,
20190102,10:01:14.334791624,Z,TSLA,,@F,100,303.26,0,299687,2149,N,
20190102,10:01:14.334836122,Q,TSLA,,@F I,16,303.25,0,299688,16010,N,
20190102,10:01:14.334847414,Q,TSLA,,@F I,16,303.25,0,299689,16011,N,
20190102,10:01:14.334953820,D,TSLA,,@,100,303.42,0,299690,6746,N,Q
20190102,10:01:14.335086479,Q,TSLA,,@F,100,303.25,0,299691,16012,N,
20190102,10:01:14.335613866,Q,TSLA,,@F I,17,303.25,0,299692,16013,N,
20190102,10:01:14.335634649,D,TSLA,,@  I,10,303.43,0,299693,6747,N,Q
20190102,10:01:14.335639939,Q,TSLA,,@F,293,303.25,0,299694,16014,N,
20190102,10:01:14.335931846,Q,TSLA,,@,349,303.26,0,299695,16015,N,
20190102,10:01:14.336354588,Q,TSLA,,@F,116,303.25,0,299696,16016,N,
20190102,10:01:14.336864141,D,TSLA,,@,100,303.43,0,299697,6748,N,Q
20190102,10:01:14.337284221,Q,TSLA,,@F,116,303.25,0,299698,16017,N,
20190102,10:01:14.337405272,Q,TSLA,,@F I,68,303.25,0,299699,16018,N,
20190102,10:01:14.346798595,Q,TSLA,,@  I,40,303.26,0,299700,16019,N,
20190102,10:01:14.346824645,Q,TSLA,,@F I,38,303.25,0,299701,16020,N,
20190102,10:01:14.358982169,D,TSLA,,@  I,1,303.26,0,299704,6749,N,Q
20190102,10:01:14.403829479,D,TSLA,,@  I,50,303.25,0,299714,6750,N,Q
20190102,10:01:14.673179091,Q,TSLA,,@F,167,303.25,0,299804,16021,N,
20190102,10:01:14.673205590,Z,TSLA,,@,100,303.25,0,299805,2150,N,
20190102,10:01:14.748004607,D,TSLA,,@,300,303.2554,0,299833,4166,N,N
20190102,10:01:14.780128519,D,TSLA,,@  I,5,303.2546,0,299836,6751,N,Q
20190102,10:01:14.783894420,D,TSLA,,@,145,303.2546,0,299837,6752,N,Q
20190102,10:01:14.784314137,Q,TSLA,,@F,1300,303.25,0,299838,16022,N,
20190102,10:01:14.784474866,Q,TSLA,,@  I,36,303.25,0,299839,16023,N,
20190102,10:01:14.788038455,D,TSLA,,@  I,77,303.19,0,299840,6753,N,Q
20190102,10:01:14.869140530,D,TSLA,,@,200,303.185,0,299851,4167,N,N
20190102,10:01:15.022148463,Z,TSLA,,@,100,303.18,0,299884,2151,N,
20190102,10:01:15.052000114,D,TSLA,,@,300,303.1849,0,299903,4168,N,N
20190102,10:01:15.333580648,Q,TSLA,,@F,282,303.19,0,299940,16024,N,
20190102,10:01:15.333611082,Q,TSLA,,@F I,18,303.19,0,299941,16025,N,
20190102,10:01:15.333614208,Q,TSLA,,@F,250,303.19,0,299942,16026,N,
20190102,10:01:15.333617977,Q,TSLA,,@F,250,303.19,0,299943,16027,N,
20190102,10:01:15.333621968,Q,TSLA,,@F,100,303.19,0,299944,16028,N,
20190102,10:01:15.333754778,Q,TSLA,,@  I,95,303.19,0,299945,16029,N,
20190102,10:01:15.333798102,Q,TSLA,,@F I,5,303.19,0,299946,16030,N,
20190102,10:01:15.334646040,Q,TSLA,,@F,282,303.22,0,299947,16031,N,
20190102,10:01:15.334653243,Q,TSLA,,@F,218,303.22,0,299948,16032,N,
20190102,10:01:15.335093349,Q,TSLA,,@F I,2,303.25,0,299949,16033,N,
20190102,10:01:15.335499687,Q,TSLA,,@F,282,303.25,0,299950,16034,N,
20190102,10:01:15.338006342,Q,TSLA,,@F I,42,303.25,0,299956,16035,N,
20190102,10:01:15.338029883,Q,TSLA,,@F,285,303.25,0,299957,16036,N,
20190102,10:01:15.433790049,Q,TSLA,,@F,100,303.19,0,299971,16037,N,
20190102,10:01:15.433793317,Q,TSLA,,@F,400,303.18,0,299972,16038,N,
20190102,10:01:15.433855675,Q,TSLA,,@,200,303.18,0,299973,16039,N,
20190102,10:01:15.433858590,Q,TSLA,,@  I,20,303.18,0,299974,16040,N,
20190102,10:01:15.434118950,Z,TSLA,,@  I,88,303.19,0,299975,2152,N,
20190102,10:01:15.434141506,K,TSLA,,@  I,88,303.19,0,299976,3421,N,
20190102,10:01:15.434158894,K,TSLA,,@F I,12,303.19,0,299977,3422,N,
20190102,10:01:15.434177021,K,TSLA,,@F I,42,303.18,0,299978,3423,N,
20190102,10:01:15.434197891,Z,TSLA,,@  I,8,303.19,0,299979,2153,N,
20190102,10:01:15.434260371,Z,TSLA,,@  I,2,303.19,0,299980,2154,N,
20190102,10:01:15.434368222,P,TSLA,,@  I,25,303.2,0,299981,7340,N,
20190102,10:01:15.434378576,P,TSLA,,@F I,29,303.2,0,299982,7341,N,
20190102,10:01:15.639161627,D,TSLA,,@  I,24,303.11,0,300004,6754,N,Q
20190102,10:01:15.729464929,Z,TSLA,,@F,100,303.11,0,300019,2155,N,
20190102,10:01:15.729505513,Q,TSLA,,@  I,30,303.19,0,300020,16041,N,
20190102,10:01:15.729728525,K,TSLA,,@  I,20,303.19,0,300021,3424,N,
20190102,10:01:15.729759798,Q,TSLA,,@F I,2,303.19,0,300022,16042,N,
20190102,10:01:15.729844055,P,TSLA,,@  I,29,303.18,0,300023,7342,N,
20190102,10:01:15.730018109,Z,TSLA,,@  I,5,303.17,0,300024,2156,N,
20190102,10:01:15.730072590,K,TSLA,,@  I,5,303.17,0,300025,3425,N,
20190102,10:01:15.731352197,Q,TSLA,,@  I,5,303.15,0,300026,16043,N,
20190102,10:01:15.731360190,Z,TSLA,,@F I,69,303.17,0,300027,2157,N,
20190102,10:01:15.731365878,Z,TSLA,,@F,100,303.11,0,300028,2158,N,
20190102,10:01:15.731370756,Z,TSLA,,@F,100,303.1,0,300029,2159,N,
20190102,10:01:15.731724068,Q,TSLA,,@  I,8,303.1,0,300030,16044,N,
20190102,10:01:15.731727855,Q,TSLA,,@  I,50,303.1,0,300031,16045,N,
20190102,10:01:15.732577031,Q,TSLA,,@  I,1,303.06,0,300032,16046,N,
20190102,10:01:15.732604563,Q,TSLA,,@F I,64,303.04,0,300033,16047,N,
20190102,10:01:15.732832457,Z,TSLA,,@F I,5,303.1,0,300034,2160,N,
20190102,10:01:15.733169076,P,TSLA,,@  I,5,303.1,0,300035,7343,N,
20190102,10:01:15.735594906,D,TSLA,,@  I,5,303.1,0,300036,6755,N,Q
20190102,10:01:15.736808549,Z,TSLA,,@F,100,303.09,0,300037,2161,N,
20190102,10:01:15.737002881,D,TSLA,,@  I,30,303.0517,0,300038,4169,N,N
20190102,10:01:15.737663493,Q,TSLA,,@  I,5,303.06,0,300039,16048,N,
20190102,10:01:15.737690735,Q,TSLA,,@F,195,303.04,0,300040,16049,N,
20190102,10:01:15.737722009,Q,TSLA,,@F,100,303.04,0,300041,16050,N,
20190102,10:01:15.740812073,Z,TSLA,,@F,100,303.03,0,300043,2162,N,
20190102,10:01:15.741173416,P,TSLA,,@F I,30,303.14,0,300044,7344,N,
20190102,10:01:15.743359494,Z,TSLA,,@F,100,303.01,0,300045,2163,N,
20190102,10:01:15.747826807,V,TSLA,,@  I,45,303.04,0,300046,1250,N,
20190102,10:01:15.775318350,V,TSLA,,@  I,50,303.13,0,300061,1251,N,
20190102,10:01:15.796643109,P,TSLA,,@  I,20,303.13,0,300063,7345,N,
20190102,10:01:15.796712013,P,TSLA,,@F I,80,303.02,0,300064,7346,N,
20190102,10:01:15.805890211,D,TSLA,,@,100,303.02,0,300065,6756,N,Q
20190102,10:01:15.828012964,D,TSLA,,@,150,303.1098,0,300067,4170,N,N
20190102,10:01:15.846069242,D,TSLA,,@  I,35,303.01,0,300068,6757,N,Q
20190102,10:01:15.847030185,Z,TSLA,,@  I,4,303.22,0,300069,2164,N,
20190102,10:01:15.847036304,Z,TSLA,,@  I,96,303.22,0,300070,2165,N,
20190102,10:01:15.913835387,C,TSLA,,@F,100,303.08,0,300076,151,N,
20190102,10:01:15.916837193,Q,TSLA,,@  I,50,303.12,0,300077,16051,N,
20190102,10:01:15.981369435,V,TSLA,,@  I,31,303.03,0,300080,1252,N,
20190102,10:01:16.000820056,C,TSLA,,@F,100,303.03,0,300082,152,N,
20190102,10:01:16.046457201,Q,TSLA,,@,200,303.12,0,300087,16052,N,
20190102,10:01:16.046461154,Q,TSLA,,@,100,303.04,0,300088,16053,N,
20190102,10:01:16.381826808,Q,TSLA,,@F I,41,303.04,0,300169,16054,N,
20190102,10:01:16.381838938,Q,TSLA,,@,459,303.04,0,300170,16055,N,
20190102,10:01:16.385329425,D,TSLA,,@,100,303.04,0,300172,6758,N,Q
20190102,10:01:16.855217696,J,TSLA,,@  I,1,303.23,0,300226,494,N,
20190102,10:01:16.948817749,Y,TSLA,,@  I,1,303.23,0,300233,727,N,
20190102,10:01:17.014094011,D,TSLA,,@,100,303.14,0,300236,4171,N,N
20190102,10:01:17.015996610,D,TSLA,,@,100,303.24,0,300237,6759,N,Q
20190102,10:01:17.044973391,V,TSLA,,@,100,303.25,0,300243,1253,N,
20190102,10:01:17.075756745,Q,TSLA,,@  I,20,303.12,0,300246,16056,N,
20190102,10:01:17.160927667,D,TSLA,,@  I,10,303.0301,0,300260,6760,N,Q
20190102,10:01:17.409912733,D,TSLA,,@,300,303.1161,0,300302,4172,N,N
20190102,10:01:17.519897539,D,TSLA,,@  I,38,303.2479,0,300335,6761,N,Q
20190102,10:01:17.594358389,D,TSLA,,@  I,3,303.2499,0,300340,6762,N,Q
20190102,10:01:17.677991879,D,TSLA,,@,300,303.1837,0,300344,6763,N,Q
20190102,10:01:17.682980420,Q,TSLA,,@,100,303.07,0,300345,16057,N,
20190102,10:01:17.683590804,P,TSLA,,@  I,25,303.19,0,300347,7347,N,
20190102,10:01:17.847044045,D,TSLA,,@,100,303.04,0,300393,6764,N,Q
20190102,10:01:17.848907992,P,TSLA,,@  I,26,303.14,0,300394,7348,N,
20190102,10:01:17.850409823,D,TSLA,,@  I,26,303.045,0,300395,6765,N,Q
20190102,10:01:17.869778024,D,TSLA,,@  I,74,303.06,0,300396,6766,N,Q
20190102,10:01:17.869917147,D,TSLA,,@  I,74,303.041,0,300397,6767,N,Q
20190102,10:01:18.463084344,D,TSLA,,@,100,303.057,0,300497,6768,N,Q
20190102,10:01:18.556011086,P,TSLA,,@  I,20,303.13,0,300517,7349,N,
20190102,10:01:18.558127590,D,TSLA,,@  I,20,303.0445,0,300518,6769,N,Q
20190102,10:01:18.575879505,D,TSLA,,@  I,80,303.08,0,300521,6770,N,Q
20190102,10:01:18.576322339,D,TSLA,,@  I,80,303.04200000000003,0,300522,6771,N,Q
20190102,10:01:18.843065938,D,TSLA,,@,1100,303.0746,0,300540,4173,N,N
20190102,10:01:18.877611183,Q,TSLA,,@,100,303.19,0,300543,16058,N,
20190102,10:01:18.877637418,Q,TSLA,,@,100,303.2,0,300544,16059,N,
20190102,10:01:18.877665003,Q,TSLA,,@F I,5,303.2,0,300545,16060,N,
20190102,10:01:18.878198404,P,TSLA,,@F I,15,303.1,0,300546,7350,N,
20190102,10:01:18.978924451,D,TSLA,,@  I,1,303.21,0,300569,6772,N,Q
20190102,10:01:19.466870934,D,TSLA,,@  I,1,303.1329,0,300608,6773,N,Q
20190102,10:01:19.724289339,Q,TSLA,,@  I,50,303.13,0,300636,16061,N,
20190102,10:01:20.007128464,D,TSLA,,@,100,303.15,0,300686,6774,N,Q
20190102,10:01:20.009895936,K,TSLA,,@F,200,303.12,0,300687,3426,N,
20190102,10:01:20.010054329,K,TSLA,,@  I,28,303.12,0,300688,3427,N,
20190102,10:01:20.708359857,D,TSLA,,@  I,10,303.12,0,300785,4174,N,N
20190102,10:01:20.787871758,D,TSLA,,@  I,50,303.1262,0,300788,6775,N,Q
20190102,10:01:20.950160135,K,TSLA,,@,200,303.05,0,300801,3428,N,
20190102,10:01:20.991140180,B,TSLA,,@  I,15,303.04,0,300804,621,N,
20190102,10:01:21.011837670,Q,TSLA,,@  I,50,303.01,0,300806,16062,N,
20190102,10:01:21.011841772,Q,TSLA,,@  I,25,303.01,0,300807,16063,N,
20190102,10:01:21.011859094,B,TSLA,,@F I,85,303.04,0,300808,622,N,
20190102,10:01:21.016742627,Q,TSLA,,@F I,5,303.0,0,300809,16064,N,
20190102,10:01:21.016745901,Q,TSLA,,@F I,50,303.0,0,300810,16065,N,
20190102,10:01:21.016749996,Q,TSLA,,@F I,9,303.0,0,300811,16066,N,
20190102,10:01:21.016755625,Q,TSLA,,@F I,4,303.0,0,300812,16067,N,
20190102,10:01:21.016757833,Q,TSLA,,@F I,4,303.0,0,300813,16068,N,
20190102,10:01:21.016760945,Q,TSLA,,@F I,2,303.0,0,300814,16069,N,
20190102,10:01:21.016765361,Q,TSLA,,@F I,26,303.0,0,300815,16070,N,
20190102,10:01:21.017534763,V,TSLA,,@,100,303.085,0,300816,1254,N,
20190102,10:01:21.040035783,D,TSLA,,@  I,5,303.0001,0,300823,6776,N,Q
20190102,10:01:21.042093400,D,TSLA,,@  I,4,303.0,0,300825,6777,N,Q
20190102,10:01:21.042151909,D,TSLA,,@  I,1,303.0,0,300826,6778,N,Q
20190102,10:01:21.044335151,D,TSLA,,@,295,303.0001,0,300827,6779,N,Q
20190102,10:01:21.048097294,D,TSLA,,@,150,303.0,0,300829,6780,N,Q
20190102,10:01:21.050414657,Z,TSLA,,@  I,10,303.0,0,300830,2166,N,
20190102,10:01:21.050421734,Z,TSLA,,@,500,303.0,0,300831,2167,N,
20190102,10:01:21.050454379,K,TSLA,,@  I,2,303.0,0,300832,3429,N,
20190102,10:01:21.050464127,K,TSLA,,@  I,50,303.0,0,300833,3430,N,
20190102,10:01:21.050469522,K,TSLA,,@  I,20,303.0,0,300834,3431,N,
20190102,10:01:21.050476509,K,TSLA,,@,131,303.0,0,300835,3432,N,
20190102,10:01:21.050483149,K,TSLA,,@  I,15,303.0,0,300836,3433,N,
20190102,10:01:21.050490464,K,TSLA,,@  I,50,303.0,0,300837,3434,N,
20190102,10:01:21.050496192,K,TSLA,,@  I,50,303.0,0,300838,3435,N,
20190102,10:01:21.050503151,K,TSLA,,@  I,10,303.0,0,300839,3436,N,
20190102,10:01:21.050508840,K,TSLA,,@,162,303.0,0,300840,3437,N,
20190102,10:01:21.050724389,K,TSLA,,@,288,303.0,0,300841,3438,N,
20190102,10:01:21.050735214,K,TSLA,,@  I,17,303.0,0,300842,3439,N,
20190102,10:01:21.051850544,D,TSLA,,@  I,3,303.0,0,300844,6781,N,Q
20190102,10:01:21.052176142,D,TSLA,,@  I,19,303.0,0,300845,6782,N,Q
20190102,10:01:21.052242671,D,TSLA,,@  I,28,303.0,0,300846,6783,N,Q
20190102,10:01:21.052637811,D,TSLA,,@,100,303.0,0,300847,6784,N,Q
20190102,10:01:21.072674893,V,TSLA,,@,100,303.105,0,300848,1255,N,
20190102,10:01:21.073041598,Q,TSLA,,@  I,25,303.01,0,300849,16071,N,
20190102,10:01:21.096512909,V,TSLA,,@,100,303.0,0,300852,1256,N,
20190102,10:01:21.244139512,K,TSLA,,@,100,303.0,0,300903,3440,N,
20190102,10:01:21.392482662,V,TSLA,,@  I,27,303.11,0,300911,1257,N,
20190102,10:01:21.392502134,V,TSLA,,@  I,73,303.11,0,300912,1258,N,
20190102,10:01:21.402696146,P,TSLA,,@  I,13,303.1,0,300913,7351,N,
20190102,10:01:21.427824217,Q,TSLA,,@,100,303.1,0,300915,16072,N,
20190102,10:01:21.428724840,P,TSLA,,@F I,37,303.04,0,300916,7352,N,
20190102,10:01:21.465849887,Y,TSLA,,@,100,303.16,0,300917,728,N,
20190102,10:01:21.465879806,Q,TSLA,,@F I,70,303.12,0,300918,16073,N,
20190102,10:01:21.540851212,V,TSLA,,@,100,303.0,0,300927,1259,N,
20190102,10:01:21.573368095,Q,TSLA,,@  I,3,303.04,0,300930,16074,N,
20190102,10:01:21.573379280,Q,TSLA,,@F I,7,303.04,0,300931,16075,N,
20190102,10:01:21.657093117,Q,TSLA,,@  I,5,303.01,0,300935,16076,N,
20190102,10:01:21.740905545,Z,TSLA,,@,125,303.17,0,300936,2168,N,
20190102,10:01:21.762536526,Q,TSLA,,@  I,30,303.01,0,300937,16077,N,
20190102,10:01:22.048356728,Q,TSLA,,@F I,3,303.06,0,300952,16078,N,
20190102,10:01:22.048358372,B,TSLA,,@F,100,303.0,0,300953,623,N,
20190102,10:01:22.048425983,Z,TSLA,,@F I,9,303.02,0,300954,2169,N,
20190102,10:01:22.048433486,Z,TSLA,,@F,173,303.0,0,300955,2170,N,
20190102,10:01:22.048546092,D,TSLA,,@,150,303.02099999999996,0,300956,6785,N,Q
20190102,10:01:22.048826646,V,TSLA,,@,100,303.0,0,300957,1260,N,
20190102,10:01:22.068200352,Q,TSLA,,@F I,7,303.0,0,300959,16079,N,
20190102,10:01:22.068217272,Q,TSLA,,@F I,17,303.0,0,300960,16080,N,
20190102,10:01:22.068220011,Q,TSLA,,@F I,10,303.0,0,300961,16081,N,
20190102,10:01:22.068227311,Q,TSLA,,@F I,10,303.0,0,300962,16082,N,
20190102,10:01:22.068697931,K,TSLA,,@,100,303.0,0,300963,3441,N,
20190102,10:01:22.069082760,Q,TSLA,,@  I,29,303.0,0,300964,16083,N,
20190102,10:01:22.069108691,P,TSLA,,@  I,15,303.0,0,300965,7353,N,
20190102,10:01:22.069118922,P,TSLA,,@  I,3,303.0,0,300966,7354,N,
20190102,10:01:22.069128952,P,TSLA,,@  I,82,303.0,0,300967,7355,N,
20190102,10:01:22.069181566,P,TSLA,,@  I,29,303.0,0,300968,7356,N,
20190102,10:01:22.069208398,Z,TSLA,,@  I,29,303.0,0,300969,2171,N,
20190102,10:01:22.075213779,D,TSLA,,@,100,303.01,0,300971,6786,N,Q
20190102,10:01:22.662561404,Q,TSLA,,@,200,303.01,0,300997,16084,N,
20190102,10:01:22.668513213,D,TSLA,,@  I,10,303.01,0,300998,6787,N,Q
20190102,10:01:22.789902360,D,TSLA,,@  I,10,303.0085,0,301002,4175,N,N
20190102,10:01:22.866038720,D,TSLA,,@,100,303.0,0,301015,6788,N,Q
20190102,10:01:22.869178696,V,TSLA,,@  I,50,303.0,0,301016,1261,N,
20190102,10:01:22.992198061,Q,TSLA,,@F,100,303.01,0,301038,16085,N,
20190102,10:01:23.276449394,P,TSLA,,@  I,70,303.01,0,301054,7357,N,
20190102,10:01:23.311606319,Q,TSLA,,@F I,81,303.0,0,301055,16086,N,
20190102,10:01:23.311608438,Q,TSLA,,@F I,3,303.0,0,301056,16087,N,
20190102,10:01:23.311612429,Q,TSLA,,@F I,15,303.0,0,301057,16088,N,
20190102,10:01:23.311616400,Q,TSLA,,@F I,2,303.0,0,301058,16089,N,
20190102,10:01:23.311620187,Q,TSLA,,@F,116,303.0,0,301059,16090,N,
20190102,10:01:23.311623970,Q,TSLA,,@F I,1,303.0,0,301060,16091,N,
20190102,10:01:23.311628312,Q,TSLA,,@F I,1,303.0,0,301061,16092,N,
20190102,10:01:23.311631051,Q,TSLA,,@F,100,303.0,0,301062,16093,N,
20190102,10:01:23.311635742,Q,TSLA,,@F I,90,303.0,0,301063,16094,N,
20190102,10:01:23.311638086,Q,TSLA,,@F I,75,303.0,0,301064,16095,N,
20190102,10:01:23.311641711,Q,TSLA,,@F I,5,303.0,0,301065,16096,N,
20190102,10:01:23.311646515,Q,TSLA,,@F I,4,303.0,0,301066,16097,N,
20190102,10:01:23.311652107,Q,TSLA,,@F I,10,303.0,0,301067,16098,N,
20190102,10:01:23.311654685,Q,TSLA,,@F I,13,303.0,0,301068,16099,N,
20190102,10:01:23.311658501,Q,TSLA,,@F I,1,303.0,0,301069,16100,N,
20190102,10:01:23.311661666,Q,TSLA,,@F I,5,303.0,0,301070,16101,N,
20190102,10:01:23.311665144,Q,TSLA,,@F,100,303.0,0,301071,16102,N,
20190102,10:01:23.311667973,Q,TSLA,,@F,200,303.0,0,301072,16103,N,
20190102,10:01:23.311671183,Q,TSLA,,@F I,78,303.0,0,301073,16104,N,
20190102,10:01:23.311675992,Q,TSLA,,@F I,22,303.0,0,301074,16105,N,
20190102,10:01:23.311682432,Q,TSLA,,@F I,5,303.0,0,301075,16106,N,
20190102,10:01:23.311685708,Q,TSLA,,@F I,20,303.0,0,301076,16107,N,
20190102,10:01:23.311954401,Z,TSLA,,@,100,303.0,0,301077,2172,N,
20190102,10:01:23.311969730,Q,TSLA,,@F,100,303.0,0,301078,16108,N,
20190102,10:01:23.311989528,P,TSLA,,@F,161,303.0,0,301079,7358,N,
20190102,10:01:23.311998016,P,TSLA,,@F I,50,303.0,0,301080,7359,N,
20190102,10:01:23.312007834,P,TSLA,,@F I,29,303.0,0,301081,7360,N,
20190102,10:01:23.312018354,P,TSLA,,@F I,50,303.0,0,301082,7361,N,
20190102,10:01:23.312028037,P,TSLA,,@F I,10,303.0,0,301083,7362,N,
20190102,10:01:23.312192344,P,TSLA,,@F I,15,303.0,0,301084,7363,N,
20190102,10:01:23.312204393,P,TSLA,,@F I,10,303.0,0,301085,7364,N,
20190102,10:01:23.312212183,P,TSLA,,@F I,3,303.0,0,301086,7365,N,
20190102,10:01:23.312216561,Q,TSLA,,@  I,3,302.99,0,301087,16109,N,
20190102,10:01:23.312540534,Z,TSLA,,@  I,1,303.0,0,301088,2173,N,
20190102,10:01:23.312552828,Z,TSLA,,@  I,10,303.0,0,301089,2174,N,
20190102,10:01:23.312563573,Z,TSLA,,@F,200,303.0,0,301090,2175,N,
20190102,10:01:23.312565205,Q,TSLA,,@,200,302.99,0,301091,16110,N,
20190102,10:01:23.312593572,K,TSLA,,@  I,1,303.0,0,301092,3442,N,
20190102,10:01:23.312603396,K,TSLA,,@  I,10,303.0,0,301093,3443,N,
20190102,10:01:23.312617696,K,TSLA,,@F I,89,303.0,0,301094,3444,N,
20190102,10:01:23.312618708,Q,TSLA,,@  I,89,302.99,0,301095,16111,N,
20190102,10:01:23.312646151,Q,TSLA,,@F,208,302.99,0,301096,16112,N,
20190102,10:01:23.312650646,Q,TSLA,,@F,200,302.99,0,301097,16113,N,
20190102,10:01:23.312682491,Q,TSLA,,@  I,20,302.99,0,301098,16114,N,
20190102,10:01:23.312969087,Z,TSLA,,@  I,89,302.99,0,301099,2176,N,
20190102,10:01:23.313131234,Q,TSLA,,@F I,45,302.99,0,301100,16115,N,
20190102,10:01:23.313191494,Q,TSLA,,@F,100,302.98,0,301101,16116,N,
20190102,10:01:23.313231417,P,TSLA,,@F I,30,303.01,0,301102,7366,N,
20190102,10:01:23.313281841,K,TSLA,,@F,100,303.01,0,301103,3445,N,
20190102,10:01:23.313322441,Q,TSLA,,@  I,35,302.92,0,301104,16117,N,
20190102,10:01:23.313496220,Q,TSLA,,@F I,43,303.0,0,301105,16118,N,
20190102,10:01:23.313712837,Z,TSLA,,@  I,11,302.92,0,301106,2177,N,
20190102,10:01:23.314193813,Q,TSLA,,@F I,43,302.98,0,301107,16119,N,
20190102,10:01:23.315580842,Q,TSLA,,@  I,30,303.0,0,301108,16120,N,
20190102,10:01:23.315906636,D,TSLA,,@  I,26,302.92,0,301109,6789,N,Q
20190102,10:01:23.316929530,D,TSLA,,@,100,302.91,0,301111,6790,N,Q
20190102,10:01:23.430808847,Q,TSLA,,@F I,20,303.0,0,301113,16121,N,
20190102,10:01:23.430812092,Q,TSLA,,@F I,25,303.01,0,301114,16122,N,
20190102,10:01:23.430871005,Q,TSLA,,@  I,30,303.01,0,301115,16123,N,
20190102,10:01:23.583376480,D,TSLA,,@,100,302.99,0,301123,6791,N,Q
20190102,10:01:23.594272872,D,TSLA,,@  I,50,302.9841,0,301124,4176,N,N
20190102,10:01:23.737303883,B,TSLA,,@,200,302.91,0,301127,624,N,
20190102,10:01:23.737338793,Q,TSLA,,@F I,1,302.9,0,301128,16124,N,
20190102,10:01:23.737899200,Q,TSLA,,@  I,25,302.89,0,301129,16125,N,
20190102,10:01:23.738144336,V,TSLA,,@  I,29,302.94,0,301130,1262,N,
20190102,10:01:23.738716950,V,TSLA,,@  I,25,302.94,0,301131,1263,N,
20190102,10:01:23.738963162,V,TSLA,,@  I,46,302.94,0,301132,1264,N,
20190102,10:01:23.738983927,V,TSLA,,@,154,302.94,0,301133,1265,N,
20190102,10:01:23.739018414,Y,TSLA,,@,100,302.94,0,301134,729,N,
20190102,10:01:23.739474882,Y,TSLA,,@,100,302.94,0,301135,730,N,
20190102,10:01:23.761099242,D,TSLA,,@  I,25,302.8835,0,301136,6792,N,Q
20190102,10:01:23.790331008,Q,TSLA,,@F I,18,302.9,0,301137,16126,N,
20190102,10:01:23.790334311,Q,TSLA,,@F I,7,302.89,0,301138,16127,N,
20190102,10:01:23.790353813,Q,TSLA,,@  I,22,302.89,0,301139,16128,N,
20190102,10:01:23.790380195,Q,TSLA,,@F I,22,302.89,0,301140,16129,N,
20190102,10:01:23.823613463,Q,TSLA,,@,100,302.89,0,301175,16130,N,
20190102,10:01:23.823663290,Q,TSLA,,@  I,90,302.89,0,301176,16131,N,
20190102,10:01:23.823687843,Q,TSLA,,@,110,302.89,0,301177,16132,N,
20190102,10:01:23.823914316,Y,TSLA,,@F,100,302.94,0,301178,731,N,
20190102,10:01:23.921552083,D,TSLA,,@  I,1,303.0,0,301179,4177,N,N
20190102,10:01:23.967948926,Y,TSLA,,@F I,30,302.9,0,301182,732,N,
20190102,10:01:24.085873308,D,TSLA,,@,100,303.0,0,301191,6793,N,Q
20190102,10:01:24.087943639,D,TSLA,,@,100,303.0,0,301192,6794,N,Q
20190102,10:01:24.089930349,D,TSLA,,@,100,303.0,0,301194,6795,N,Q
20190102,10:01:24.093985594,D,TSLA,,@,100,303.0,0,301195,6796,N,Q
20190102,10:01:24.256169943,Q,TSLA,,@,100,302.9,0,301205,16133,N,
20190102,10:01:24.355248462,Y,TSLA,,@,100,302.94,0,301208,733,N,
20190102,10:01:24.356137814,Q,TSLA,,@,100,302.89,0,301209,16134,N,
20190102,10:01:24.357284108,D,TSLA,,@,100,302.883,0,301210,6797,N,Q
20190102,10:01:24.366136951,Q,TSLA,,@,100,302.89,0,301211,16135,N,
20190102,10:01:24.657193190,Z,TSLA,,@,100,302.94,0,301220,2178,N,
20190102,10:01:24.951069037,D,TSLA,,@  I,3,302.982,0,301251,4178,N,N
20190102,10:01:25.028755347,D,TSLA,,@,200,302.9301,0,301253,4179,N,N
20190102,10:01:25.724864395,D,TSLA,,@  I,6,302.999,0,301337,6798,N,Q
20190102,10:01:25.879065420,D,TSLA,,@  I,30,302.9305,0,301345,4180,N,N
20190102,10:01:26.341083026,Q,TSLA,,@F I,20,302.98,0,301367,16136,N,
20190102,10:01:26.341228291,P,TSLA,,@F,125,302.99,0,301368,7367,N,
20190102,10:01:26.341281586,Q,TSLA,,@  I,25,302.98,0,301369,16137,N,
20190102,10:01:26.341536553,Q,TSLA,,@F I,12,302.99,0,301370,16138,N,
20190102,10:01:26.341889573,K,TSLA,,@F I,12,303.0,0,301371,3446,N,
20190102,10:01:26.342090213,Q,TSLA,,@F I,30,302.98,0,301372,16139,N,
20190102,10:01:26.344428019,D,TSLA,,@  I,12,302.94,0,301373,6799,N,Q
20190102,10:01:26.468924866,D,TSLA,,@  I,8,302.982,0,301393,6800,N,Q
20190102,10:01:26.927881090,Q,TSLA,,@F,100,302.89,0,301421,16140,N,
20190102,10:01:26.931177189,D,TSLA,,@,100,302.89,0,301422,6801,N,Q
20190102,10:01:27.095660419,Q,TSLA,,@F I,10,302.9,0,301432,16141,N,
20190102,10:01:27.163286888,Q,TSLA,,@  I,1,302.89,0,301435,16142,N,
20190102,10:01:27.163303735,Q,TSLA,,@F I,9,302.89,0,301436,16143,N,
20190102,10:01:27.163483851,Q,TSLA,,@  I,1,302.89,0,301437,16144,N,
20190102,10:01:27.167785750,Q,TSLA,,@F I,9,302.89,0,301438,16145,N,
20190102,10:01:27.610980161,D,TSLA,,@  I,3,302.9513,0,301449,4181,N,N
20190102,10:01:27.951079403,D,TSLA,,@,100,302.93,0,301470,4182,N,N
20190102,10:01:28.192108789,Q,TSLA,,@F I,50,302.89,0,301473,16146,N,
20190102,10:01:28.398574433,Q,TSLA,,@  I,50,302.89,0,301477,16147,N,
20190102,10:01:28.402080404,D,TSLA,,@  I,6,302.9899,0,301479,4183,N,N
20190102,10:01:28.409531154,D,TSLA,,@  I,10,302.953,0,301481,6802,N,Q
20190102,10:01:28.654141445,D,TSLA,,@  I,10,302.9456,0,301504,6803,N,Q
20190102,10:01:29.072677792,D,TSLA,,@  I,3,303.0,0,301553,4184,N,N
20190102,10:01:29.274239423,D,TSLA,,@  I,33,302.9441,0,301595,6804,N,Q
20190102,10:01:29.357351188,D,TSLA,,@  I,6,302.9387,0,301618,6805,N,Q
20190102,10:01:29.395674876,Q,TSLA,,@F I,49,302.99,0,301622,16148,N,
20190102,10:01:29.395678625,Q,TSLA,,@F I,39,303.0,0,301623,16149,N,
20190102,10:01:29.395828005,Y,TSLA,,@F I,12,303.0,0,301624,734,N,
20190102,10:01:29.396076396,Q,TSLA,,@  I,61,303.0,0,301625,16150,N,
20190102,10:01:29.396079483,Q,TSLA,,@,100,303.0,0,301626,16151,N,
20190102,10:01:29.396083610,Q,TSLA,,@,200,303.0,0,301627,16152,N,
20190102,10:01:29.396118706,Q,TSLA,,@F I,46,303.0,0,301628,16153,N,
20190102,10:01:29.396130653,Q,TSLA,,@F I,54,303.0,0,301629,16154,N,
20190102,10:01:29.396133372,Q,TSLA,,@F I,46,303.0,0,301630,16155,N,
20190102,10:01:29.396158012,K,TSLA,,@  I,8,303.0,0,301631,3447,N,
20190102,10:01:30.222047940,Q,TSLA,,@F,100,303.0,0,301775,16156,N,
20190102,10:01:30.222069016,Q,TSLA,,@F,100,303.0,0,301776,16157,N,
20190102,10:01:30.222894010,V,TSLA,,@  I,29,302.95,0,301777,1266,N,
20190102,10:01:30.417231007,Q,TSLA,,@F I,5,302.99,0,302288,16158,N,
20190102,10:01:30.763418420,D,TSLA,,@  I,1,303.0,0,302348,4185,N,N
20190102,10:01:30.918911746,D,TSLA,,@  I,20,302.9999,0,302365,6806,N,Q
20190102,10:01:31.045105774,D,TSLA,,@  I,7,302.9999,0,302368,4186,N,N
20190102,10:01:31.282066447,Q,TSLA,,@F I,1,302.99,0,302395,16159,N,
20190102,10:01:31.522536166,D,TSLA,,@  I,20,302.8801,0,302416,6807,N,Q
20190102,10:01:31.632099728,D,TSLA,,@  I,3,303.0,0,302434,4187,N,N
20190102,10:01:31.743052862,Q,TSLA,,@  I,10,302.89,0,302445,16160,N,
20190102,10:01:32.141449770,D,TSLA,,@  I,30,302.9042,0,302484,6808,N,Q
20190102,10:01:33.033186077,D,TSLA,,@  I,94,302.9294,0,302599,4188,N,N
20190102,10:01:34.027955339,D,TSLA,,@,100,302.94,0,302668,6809,N,Q
20190102,10:01:34.028047956,Q,TSLA,,@  I,30,302.93,0,302669,16161,N,
20190102,10:01:34.028052021,Q,TSLA,,@  I,99,302.94,0,302670,16162,N,
20190102,10:01:34.379526729,D,TSLA,,@,250,302.88,0,302682,6810,N,Q
20190102,10:01:34.435120720,D,TSLA,,@  I,10,302.9299,0,302686,4189,N,N
20190102,10:01:34.549607077,Q,TSLA,,@  I,1,302.94,0,302697,16163,N,
20190102,10:01:34.549611366,Q,TSLA,,@  I,3,302.94,0,302698,16164,N,
20190102,10:01:34.549629991,Q,TSLA,,@  I,26,302.94,0,302699,16165,N,
20190102,10:01:34.599048084,B,TSLA,,@,100,302.89,0,302701,625,N,
20190102,10:01:34.928279434,Q,TSLA,,@,100,302.89,0,302705,16166,N,
20190102,10:01:34.928310097,Q,TSLA,,@F,100,302.89,0,302706,16167,N,
20190102,10:01:34.931603103,D,TSLA,,@,100,302.89,0,302707,6811,N,Q
20190102,10:01:35.373630185,V,TSLA,,@,100,302.94,0,302745,1267,N,
20190102,10:01:35.375219252,D,TSLA,,@,100,302.883,0,302746,6812,N,Q
20190102,10:01:35.438422404,Q,TSLA,,@F I,37,302.94,0,302753,16168,N,
20190102,10:01:35.438487765,P,TSLA,,@,100,303.0,0,302754,7368,N,
20190102,10:01:35.438721607,Q,TSLA,,@  I,13,302.94,0,302755,16169,N,
20190102,10:01:35.438726058,Q,TSLA,,@  I,25,302.94,0,302756,16170,N,
20190102,10:01:35.549284241,P,TSLA,,@F I,2,302.91,0,302762,7369,N,
20190102,10:01:36.289905561,D,TSLA,,@  I,10,302.98,0,302809,6813,N,Q
20190102,10:01:36.291263413,D,TSLA,,@  I,10,302.9406,0,302810,6814,N,Q
20190102,10:01:36.293371151,Q,TSLA,,@,364,302.89,0,302811,16171,N,
20190102,10:01:36.293392948,Q,TSLA,,@,136,302.89,0,302812,16172,N,
20190102,10:01:36.296874407,D,TSLA,,@,100,302.89,0,302813,6815,N,Q
20190102,10:01:36.316796491,D,TSLA,,@  I,48,303.0,0,302814,6816,N,Q
20190102,10:01:36.317930035,D,TSLA,,@F,100,303.0,0,302815,6817,N,Q
20190102,10:01:36.811131205,D,TSLA,,@  I,10,302.9403,0,302834,4190,N,N
20190102,10:01:37.355141325,D,TSLA,,@,100,302.94,0,302851,4191,N,N
20190102,10:01:37.520884509,Q,TSLA,,@,100,302.89,0,302854,16173,N,
20190102,10:01:37.520912657,Q,TSLA,,@F,100,302.89,0,302855,16174,N,
20190102,10:01:37.522135387,D,TSLA,,@,150,302.9621,0,302856,4192,N,N
20190102,10:01:37.524520994,D,TSLA,,@,100,302.89,0,302857,6818,N,Q
20190102,10:01:37.749761277,D,TSLA,,@  I,14,302.999,0,302859,6819,N,Q
20190102,10:01:37.902719653,D,TSLA,,@  I,2,302.9999,0,302862,6820,N,Q
20190102,10:01:37.968685973,Y,TSLA,,@  I,7,302.88,0,302864,735,N,
20190102,10:01:37.968693131,Y,TSLA,,@  I,20,302.88,0,302865,736,N,
20190102,10:01:38.302427750,D,TSLA,,@,150,302.94,0,302880,6821,N,Q
20190102,10:01:38.311152481,D,TSLA,,@,750,302.922,0,302881,4193,N,N
20190102,10:01:38.336354707,Q,TSLA,,@  I,16,302.99,0,302882,16175,N,
20190102,10:01:38.336357212,Q,TSLA,,@  I,84,303.0,0,302883,16176,N,
20190102,10:01:38.337202782,V,TSLA,,@  I,21,302.95,0,302884,1268,N,
20190102,10:01:38.338737349,D,TSLA,,@  I,84,302.94,0,302885,6822,N,Q
20190102,10:01:38.388255257,Q,TSLA,,@F I,15,302.89,0,302887,16177,N,
20190102,10:01:38.470365818,D,TSLA,,@,100,302.94,0,302888,6823,N,Q
20190102,10:01:38.473747252,D,TSLA,,@  I,80,302.89,0,302889,6824,N,Q
20190102,10:01:38.713142519,D,TSLA,,@  I,1,303.0,0,302936,4194,N,N
20190102,10:01:39.411287776,D,TSLA,,@  I,2,302.88,0,302999,4195,N,N
20190102,10:01:39.436386248,Q,TSLA,,@F I,65,302.88,0,303002,16178,N,
20190102,10:01:39.436453793,Q,TSLA,,@  I,35,302.88,0,303003,16179,N,
20190102,10:01:39.436456848,Q,TSLA,,@  I,65,302.88,0,303004,16180,N,
20190102,10:01:39.436750157,Y,TSLA,,@F I,45,302.88,0,303005,737,N,
20190102,10:01:39.436757010,Y,TSLA,,@F I,35,302.88,0,303006,738,N,
20190102,10:01:39.436927793,Q,TSLA,,@F,261,302.88,0,303007,16181,N,
20190102,10:01:39.436931149,Q,TSLA,,@F I,25,302.88,0,303008,16182,N,
20190102,10:01:39.436949519,Q,TSLA,,@F I,60,302.86,0,303009,16183,N,
20190102,10:01:39.436949845,P,TSLA,,@F I,75,302.88,0,303010,7370,N,
20190102,10:01:39.437117378,Q,TSLA,,@F I,40,302.86,0,303011,16184,N,
20190102,10:01:39.437242691,V,TSLA,,@,100,302.935,0,303012,1269,N,
20190102,10:01:39.437429552,V,TSLA,,@,100,302.88,0,303014,1270,N,
20190102,10:01:39.437758974,Q,TSLA,,@F I,2,302.8,0,303015,16185,N,
20190102,10:01:39.437762121,Q,TSLA,,@F I,1,302.8,0,303016,16186,N,
20190102,10:01:39.437828947,Q,TSLA,,@F,100,302.79,0,303017,16187,N,
