DATE,TIME_M,EX,BID,BIDSIZ,ASK,ASKSIZ,QU_COND,QU_SEQNUM,NATBBO_IND,QU_CANCEL,QU_SOURCE,SYM_ROOT,SYM_SUFFIX
20190102,10:00:00.077932022,Y,293.03,1,309.0,1,R,6215440,0,,N,TSLA,
20190102,10:00:00.078043277,Y,303.75,1,309.0,1,R,6215443,0,,N,TSLA,
20190102,10:00:00.078144663,Z,303.79,1,304.17,1,R,6215445,2,,N,TSLA,
20190102,10:00:00.078269542,K,303.57,1,304.54,1,R,6215446,0,,N,TSLA,
20190102,10:00:00.078381509,K,303.58,1,304.54,1,R,6215448,0,,N,TSLA,
20190102,10:00:00.078489005,V,303.75,1,304.07,1,R,6215450,0,,N,TSLA,
20190102,10:00:00.078490481,K,303.59,1,304.54,1,R,6215451,0,,N,TSLA,
20190102,10:00:00.078521017,C,303.79,1,319.18,1,R,6215453,0,,N,TSLA,
20190102,10:00:00.078525136,K,303.59,1,304.54,1,R,6215454,0,,N,TSLA,
20190102,10:00:00.078595937,P,303.75,2,304.23,1,R,6215455,0,,N,TSLA,
20190102,10:00:00.078645682,K,303.59,1,304.09,1,R,6215456,0,,N,TSLA,
20190102,10:00:00.078654022,V,303.75,1,304.08,1,R,6215457,0,,N,TSLA,
20190102,10:00:00.078691954,V,303.79,1,304.08,1,R,6215459,0,,N,TSLA,
20190102,10:00:00.078759326,K,303.59,1,304.08,1,R,6215461,0,,N,TSLA,
20190102,10:00:00.087498814,P,303.75,2,304.23,1,R,6215521,0,,N,TSLA,
20190102,10:00:00.096262665,C,289.99,1,319.18,1,R,6215641,0,,N,TSLA,
20190102,10:00:00.096272898,C,303.78,1,319.18,1,R,6215642,0,,N,TSLA,
20190102,10:00:00.099113148,P,303.75,2,304.08,1,R,6215703,0,,N,TSLA,
20190102,10:00:00.099181319,K,303.59,1,304.07,1,R,6215707,0,,N,TSLA,
20190102,10:00:00.127931433,K,303.6,2,304.07,1,R,6216271,0,,N,TSLA,
20190102,10:00:00.127935871,Y,303.78,1,309.0,1,R,6216272,0,,N,TSLA,
20190102,10:00:00.128045937,J,292.86,2,305.95,1,R,6216274,0,,N,TSLA,
20190102,10:00:00.180607692,M,303.8,1,0.0,0,Y,6216993,2,,N,TSLA,
20190102,10:00:00.180617402,C,303.79,1,319.18,1,R,6216994,0,,N,TSLA,
20190102,10:00:00.180685125,Y,303.79,1,309.0,1,R,6216996,0,,N,TSLA,
20190102,10:00:00.180761369,V,303.79,1,307.0,1,R,6216997,0,,N,TSLA,
20190102,10:00:00.180776905,J,292.86,2,305.95,1,R,6216998,0,,N,TSLA,
20190102,10:00:00.181425435,P,303.75,2,304.08,1,R,6217027,0,,N,TSLA,
20190102,10:00:00.185856935,Z,303.79,2,304.17,1,R,6217077,0,,N,TSLA,
20190102,10:00:00.226091743,M,0.0,0,0.0,0,R,6217416,2,,N,TSLA,
20190102,10:00:00.226845994,P,303.75,2,304.08,1,R,6217426,0,,N,TSLA,
20190102,10:00:00.252767970,K,303.6,1,304.07,1,R,6217629,0,,N,TSLA,
20190102,10:00:00.391294710,Z,303.79,1,304.17,1,R,6219480,2,,N,TSLA,
20190102,10:00:00.413921075,C,303.79,1,304.05,1,R,6219711,2,,N,TSLA,
20190102,10:00:00.414051314,V,303.79,1,304.05,1,R,6219715,0,,N,TSLA,
20190102,10:00:00.415037640,C,303.79,1,319.18,1,R,6219730,2,,N,TSLA,
20190102,10:00:00.415049242,C,303.79,1,304.06,1,R,6219731,0,,N,TSLA,
20190102,10:00:00.428894889,C,303.79,1,304.05,1,R,6219779,0,,N,TSLA,
20190102,10:00:00.445186068,C,303.79,1,304.05,2,R,6220208,2,,N,TSLA,
20190102,10:00:00.445979439,V,303.79,1,304.05,2,R,6220227,0,,N,TSLA,
20190102,10:00:00.454004747,C,289.99,1,304.05,2,R,6220336,2,,N,TSLA,
20190102,10:00:00.467831445,P,303.75,2,304.08,1,R,6220483,0,,N,TSLA,
20190102,10:00:00.479461640,B,286.69,1,309.0,1,R,6220524,0,,N,TSLA,
20190102,10:00:00.482847741,C,289.99,1,304.05,1,R,6220533,0,,N,TSLA,
20190102,10:00:00.520989052,C,289.99,1,304.05,2,R,6220915,0,,N,TSLA,
20190102,10:00:00.523644016,C,289.99,1,304.05,1,R,6220945,0,,N,TSLA,
20190102,10:00:00.523856301,V,303.79,1,304.05,1,R,6220957,2,,N,TSLA,
20190102,10:00:00.548897122,J,303.79,1,305.95,1,R,6221180,0,,N,TSLA,
20190102,10:00:00.560910399,V,303.79,1,304.05,2,R,6221211,2,,N,TSLA,
20190102,10:00:00.568931435,V,303.79,1,304.05,1,R,6221234,2,,N,TSLA,
20190102,10:00:00.587734055,P,303.75,2,304.08,1,R,6221262,0,,N,TSLA,
20190102,10:00:00.665643588,Q,303.68,2,304.07,1,R,6221360,0,,N,TSLA,
20190102,10:00:00.668921533,K,303.6,1,304.05,1,R,6221361,0,,N,TSLA,
20190102,10:00:00.669293327,C,289.99,1,304.05,2,R,6221363,2,,N,TSLA,
20190102,10:00:00.669433689,V,303.79,1,304.05,2,R,6221364,0,,N,TSLA,
20190102,10:00:00.669924674,C,289.99,1,304.05,1,R,6221367,2,,N,TSLA,
20190102,10:00:00.670356187,V,303.79,1,304.05,1,R,6221372,2,,N,TSLA,
20190102,10:00:00.679162770,C,289.99,1,304.06,1,R,6221446,0,,N,TSLA,
20190102,10:00:00.679173339,C,289.99,1,304.06,2,R,6221448,0,,N,TSLA,
20190102,10:00:00.679182859,C,289.99,1,304.06,1,R,6221450,0,,N,TSLA,
20190102,10:00:00.679430235,V,303.79,1,304.06,2,R,6221473,0,,N,TSLA,
20190102,10:00:00.679488357,V,303.79,1,304.06,1,R,6221475,0,,N,TSLA,
20190102,10:00:00.693301668,C,289.99,1,304.05,1,R,6221585,0,,N,TSLA,
20190102,10:00:00.693478415,V,303.79,1,304.05,1,R,6221587,0,,N,TSLA,
20190102,10:00:00.702952505,C,289.99,1,319.18,1,R,6221604,0,,N,TSLA,
20190102,10:00:00.702960306,C,289.99,1,304.06,1,R,6221605,0,,N,TSLA,
20190102,10:00:00.703402406,V,303.79,1,304.06,1,R,6221609,0,,N,TSLA,
20190102,10:00:00.704518579,C,289.99,1,304.05,1,R,6221621,0,,N,TSLA,
20190102,10:00:00.704911771,V,303.79,1,304.05,1,R,6221627,0,,N,TSLA,
20190102,10:00:00.708112841,P,303.75,2,304.08,1,R,6221633,0,,N,TSLA,
20190102,10:00:00.708182735,P,303.75,2,304.08,1,R,6221634,0,,N,TSLA,
20190102,10:00:00.712081835,C,289.99,1,319.18,1,R,6221642,0,,N,TSLA,
20190102,10:00:00.712092229,C,289.99,1,304.06,1,R,6221643,0,,N,TSLA,
20190102,10:00:00.712500992,V,303.79,1,304.06,1,R,6221658,0,,N,TSLA,
20190102,10:00:00.780957996,C,289.99,1,319.18,1,R,6222063,0,,N,TSLA,
20190102,10:00:00.781212674,V,303.79,1,307.0,1,R,6222074,0,,N,TSLA,
20190102,10:00:01.185149171,Z,303.63,1,304.17,1,R,6223928,0,,N,TSLA,
20190102,10:00:01.185259672,Y,293.03,1,309.0,1,R,6223929,2,,N,TSLA,
20190102,10:00:01.185630458,C,289.99,1,304.05,1,R,6223931,0,,N,TSLA,
20190102,10:00:01.185642735,C,303.68,1,304.05,1,R,6223932,0,,N,TSLA,
20190102,10:00:01.185688263,Q,303.79,2,304.07,1,R,6223933,2,,N,TSLA,
20190102,10:00:01.185770212,V,303.79,1,304.05,1,R,6223934,0,,N,TSLA,
20190102,10:00:01.185810673,V,303.68,1,304.05,1,R,6223935,0,,N,TSLA,
20190102,10:00:01.186262416,C,303.68,1,319.18,1,R,6223936,0,,N,TSLA,
20190102,10:00:01.186291697,P,303.75,2,304.08,1,R,6223937,0,,N,TSLA,
20190102,10:00:01.186402697,V,303.68,1,307.0,1,R,6223938,0,,N,TSLA,
20190102,10:00:01.186421856,V,0.0,0,307.0,1,R,6223939,0,,N,TSLA,
20190102,10:00:01.186529483,P,303.75,2,304.08,1,R,6223941,0,,N,TSLA,
20190102,10:00:01.186608685,V,303.79,1,307.0,1,R,6223944,0,,N,TSLA,
20190102,10:00:01.206083864,C,303.79,1,319.18,1,R,6224165,0,,N,TSLA,
20190102,10:00:01.309171962,Z,303.8,1,304.17,1,R,6224964,2,,N,TSLA,
20190102,10:00:01.309553925,C,303.8,1,319.18,1,R,6225004,0,,N,TSLA,
20190102,10:00:01.309735421,V,303.8,1,307.0,1,R,6225020,0,,N,TSLA,
20190102,10:00:01.309925356,P,303.75,2,304.08,1,R,6225053,0,,N,TSLA,
20190102,10:00:01.311220614,P,303.75,2,304.08,1,R,6225111,0,,N,TSLA,
20190102,10:00:01.572323402,Y,303.78,1,309.0,1,R,6226225,0,,N,TSLA,
20190102,10:00:01.572546189,C,289.99,1,319.18,1,R,6226226,0,,N,TSLA,
20190102,10:00:01.572711641,V,303.79,1,307.0,1,R,6226227,0,,N,TSLA,
20190102,10:00:01.572799676,V,0.0,0,307.0,1,R,6226228,0,,N,TSLA,
20190102,10:00:01.572987316,P,303.75,2,304.08,1,R,6226229,0,,N,TSLA,
20190102,10:00:01.573504655,V,303.8,1,307.0,1,R,6226231,0,,N,TSLA,
20190102,10:00:01.594726175,J,292.86,2,305.95,1,R,6226381,0,,N,TSLA,
20190102,10:00:01.656111207,B,303.8,1,309.0,1,R,6226454,0,,N,TSLA,
20190102,10:00:01.656460424,Y,293.03,1,309.0,1,R,6226455,0,,N,TSLA,
20190102,10:00:01.656473716,Y,303.79,1,309.0,1,R,6226456,0,,N,TSLA,
20190102,10:00:01.710522461,Z,303.8,1,304.03,1,R,6226725,2,,N,TSLA,
20190102,10:00:01.710736240,Y,293.03,1,309.0,1,R,6226726,0,,N,TSLA,
20190102,10:00:01.710964434,P,303.75,2,304.08,1,R,6226727,0,,N,TSLA,
20190102,10:00:01.711939166,P,303.75,2,304.08,1,R,6226729,0,,N,TSLA,
20190102,10:00:01.711991173,P,303.75,2,304.08,1,R,6226730,0,,N,TSLA,
20190102,10:00:01.716861062,Z,303.8,1,304.07,1,R,6226733,2,,N,TSLA,
20190102,10:00:01.716976369,Y,303.76,1,309.0,1,R,6226734,0,,N,TSLA,
20190102,10:00:01.717390289,V,303.79,1,307.0,1,R,6226735,2,,N,TSLA,
20190102,10:00:01.717454073,V,0.0,0,307.0,1,R,6226736,0,,N,TSLA,
20190102,10:00:01.718165892,V,303.8,1,307.0,1,R,6226738,0,,N,TSLA,
20190102,10:00:01.804388309,V,303.79,1,307.0,1,R,6226972,0,,N,TSLA,
20190102,10:00:02.256367951,Y,293.03,1,309.0,1,R,6228346,0,,N,TSLA,
20190102,10:00:02.256378550,Y,303.77,1,309.0,1,R,6228348,0,,N,TSLA,
20190102,10:00:02.256765306,V,303.8,1,307.0,1,R,6228362,0,,N,TSLA,
20190102,10:00:02.257026038,P,303.75,2,304.08,1,R,6228382,0,,N,TSLA,
20190102,10:00:02.309193241,V,303.79,1,307.0,1,R,6228801,0,,N,TSLA,
20190102,10:00:02.797412830,M,303.81,1,0.0,0,Y,6229924,2,,N,TSLA,
20190102,10:00:02.798167178,P,303.75,2,304.08,1,R,6229927,0,,N,TSLA,
20190102,10:00:02.809176713,V,0.0,0,307.0,1,R,6229938,0,,N,TSLA,
20190102,10:00:02.819818170,M,0.0,0,0.0,0,R,6229953,2,,N,TSLA,
20190102,10:00:02.820564803,P,303.75,2,304.08,1,R,6229954,0,,N,TSLA,
20190102,10:00:02.871423664,P,303.75,2,304.08,1,R,6230006,0,,N,TSLA,
20190102,10:00:02.900785831,C,289.99,1,304.05,1,R,6230069,0,,N,TSLA,
20190102,10:00:02.900974044,V,0.0,0,304.05,1,R,6230070,0,,N,TSLA,
20190102,10:00:03.240910218,Q,303.84,1,304.07,1,R,6231234,2,,N,TSLA,
20190102,10:00:03.241288793,Y,293.03,1,309.0,1,R,6231235,0,,N,TSLA,
20190102,10:00:03.259090148,Y,303.76,1,309.0,1,R,6231272,0,,N,TSLA,
20190102,10:00:03.371810039,C,289.99,1,319.18,1,R,6231600,0,,N,TSLA,
20190102,10:00:03.371820324,C,289.99,1,304.06,1,R,6231601,0,,N,TSLA,
20190102,10:00:03.462187397,M,303.85,1,0.0,0,Y,6231900,2,,N,TSLA,
20190102,10:00:03.497627436,M,0.0,0,0.0,0,R,6232111,2,,N,TSLA,
20190102,10:00:03.684159087,Y,303.79,1,309.0,1,R,6232612,0,,N,TSLA,
20190102,10:00:03.684400020,C,289.99,1,319.18,1,R,6232614,0,,N,TSLA,
20190102,10:00:04.115114998,Y,293.03,1,309.0,1,R,6233534,0,,N,TSLA,
20190102,10:00:04.176853636,Y,303.76,1,309.0,1,R,6233552,0,,N,TSLA,
20190102,10:00:04.177089116,C,289.99,1,304.05,1,R,6233553,0,,N,TSLA,
20190102,10:00:04.458917524,M,303.85,1,0.0,0,Y,6234423,2,,N,TSLA,
20190102,10:00:04.504989909,M,0.0,0,0.0,0,R,6234463,2,,N,TSLA,
20190102,10:00:04.851226401,B,286.69,1,309.0,1,R,6235313,0,,N,TSLA,
20190102,10:00:04.906719650,Q,303.84,2,304.07,1,R,6235579,2,,N,TSLA,
20190102,10:00:04.907069526,Y,303.77,1,309.0,1,R,6235584,0,,N,TSLA,
20190102,10:00:04.910779252,Q,303.84,1,304.07,1,R,6235594,2,,N,TSLA,
20190102,10:00:04.910782254,Q,303.79,2,304.07,1,R,6235595,2,,N,TSLA,
20190102,10:00:04.910812275,X,286.69,1,304.0,1,R,6235596,2,,N,TSLA,
20190102,10:00:04.910833969,X,286.69,1,304.0,2,R,6235597,2,,N,TSLA,
20190102,10:00:04.910836369,X,286.69,1,304.0,3,R,6235598,2,,N,TSLA,
20190102,10:00:04.911086104,X,286.69,1,304.0,2,R,6235599,2,,N,TSLA,
20190102,10:00:04.911089786,X,286.69,1,304.0,1,R,6235600,2,,N,TSLA,
20190102,10:00:04.911117951,Z,303.65,1,304.07,1,R,6235601,2,,N,TSLA,
20190102,10:00:04.911131521,Y,293.03,1,309.0,1,R,6235602,0,,N,TSLA,
20190102,10:00:04.911179697,Z,303.64,1,304.07,1,R,6235603,0,,N,TSLA,
20190102,10:00:04.911210815,K,303.6,1,304.05,1,R,6235604,0,,N,TSLA,
20190102,10:00:04.911281004,Z,303.63,2,304.07,1,R,6235605,0,,N,TSLA,
20190102,10:00:04.911308800,Z,303.63,1,304.06,1,R,6235606,0,,N,TSLA,
20190102,10:00:04.911362148,C,289.99,1,304.05,2,R,6235607,0,,N,TSLA,
20190102,10:00:04.911371287,Z,303.63,1,304.05,1,R,6235608,0,,N,TSLA,
20190102,10:00:04.911372235,C,289.99,1,304.05,3,R,6235609,0,,N,TSLA,
20190102,10:00:04.911409480,K,303.6,1,304.05,2,R,6235610,0,,N,TSLA,
20190102,10:00:04.911473008,Z,303.63,1,304.04,1,R,6235611,0,,N,TSLA,
20190102,10:00:04.911487375,K,303.6,1,304.04,1,R,6235612,0,,N,TSLA,
20190102,10:00:04.911552498,P,303.75,2,304.08,1,R,6235613,0,,N,TSLA,
20190102,10:00:04.911614645,V,0.0,0,304.05,2,R,6235614,0,,N,TSLA,
20190102,10:00:04.911634030,V,0.0,0,304.05,3,R,6235615,0,,N,TSLA,
20190102,10:00:04.911706228,V,0.0,0,303.95,1,R,6235616,2,,N,TSLA,
20190102,10:00:04.929573721,V,0.0,0,304.05,2,R,6235650,2,,N,TSLA,
20190102,10:00:04.941096768,Z,303.63,1,304.04,1,R,6235653,0,,N,TSLA,
20190102,10:00:04.941119491,K,303.6,1,304.04,1,R,6235654,0,,N,TSLA,
20190102,10:00:04.941155217,Y,303.67,1,309.0,1,R,6235655,0,,N,TSLA,
20190102,10:00:04.941198145,Z,303.63,1,304.05,1,R,6235656,0,,N,TSLA,
20190102,10:00:04.941205961,K,303.6,1,304.05,2,R,6235657,0,,N,TSLA,
20190102,10:00:04.941495027,C,289.99,1,304.04,1,R,6235658,0,,N,TSLA,
20190102,10:00:04.941496675,Q,303.79,2,304.04,1,R,6235659,0,,N,TSLA,
20190102,10:00:04.941505027,C,289.99,1,304.04,2,R,6235660,0,,N,TSLA,
20190102,10:00:04.941570901,C,289.99,1,304.04,1,R,6235661,0,,N,TSLA,
20190102,10:00:04.941584437,C,289.99,1,304.05,1,R,6235662,0,,N,TSLA,
20190102,10:00:04.941595529,C,289.99,1,304.05,2,R,6235663,0,,N,TSLA,
20190102,10:00:04.941647349,V,0.0,0,304.04,1,R,6235664,0,,N,TSLA,
20190102,10:00:04.941675157,V,0.0,0,304.04,2,R,6235665,0,,N,TSLA,
20190102,10:00:04.941720607,V,0.0,0,304.04,1,R,6235666,0,,N,TSLA,
20190102,10:00:04.941739792,V,0.0,0,304.05,2,R,6235667,0,,N,TSLA,
20190102,10:00:04.941764164,V,0.0,0,304.05,1,R,6235668,0,,N,TSLA,
20190102,10:00:04.942078836,C,289.99,1,304.04,1,R,6235669,0,,N,TSLA,
20190102,10:00:04.942089794,C,289.99,1,304.04,2,R,6235670,0,,N,TSLA,
20190102,10:00:04.942211878,V,0.0,0,304.06,1,R,6235671,0,,N,TSLA,
20190102,10:00:04.942527107,V,0.0,0,304.04,1,R,6235674,0,,N,TSLA,
20190102,10:00:04.951811281,Q,303.79,2,304.07,1,R,6235699,0,,N,TSLA,
20190102,10:00:04.952388591,C,289.99,1,304.04,1,R,6235700,0,,N,TSLA,
20190102,10:00:04.952399720,C,289.99,1,304.06,1,R,6235701,0,,N,TSLA,
20190102,10:00:04.952409190,C,289.99,1,304.05,1,R,6235702,0,,N,TSLA,
20190102,10:00:04.952419326,C,289.99,1,304.05,2,R,6235703,0,,N,TSLA,
20190102,10:00:04.952550048,V,0.0,0,304.05,1,R,6235704,0,,N,TSLA,
20190102,10:00:04.952569366,V,0.0,0,304.05,2,R,6235705,0,,N,TSLA,
20190102,10:00:05.000309316,C,289.99,1,304.05,3,R,6235878,0,,N,TSLA,
20190102,10:00:05.000423396,V,0.0,0,304.05,3,R,6235890,0,,N,TSLA,
20190102,10:00:05.007167734,Y,303.68,1,309.0,1,R,6236071,0,,N,TSLA,
20190102,10:00:05.013392195,Q,303.68,2,304.07,1,R,6236427,2,,N,TSLA,
20190102,10:00:05.013434660,X,286.69,1,303.99,1,R,6236434,2,,N,TSLA,
20190102,10:00:05.013457605,X,286.69,1,303.99,2,R,6236435,2,,N,TSLA,
20190102,10:00:05.013460643,X,286.69,1,303.99,3,R,6236436,2,,N,TSLA,
20190102,10:00:05.013690289,X,286.69,1,303.99,2,R,6236469,2,,N,TSLA,
20190102,10:00:05.013774320,Z,303.63,1,304.05,1,R,6236481,0,,N,TSLA,
20190102,10:00:05.013825406,K,303.6,1,304.05,2,R,6236492,0,,N,TSLA,
20190102,10:00:05.013952281,Z,303.63,1,304.05,1,R,6236506,0,,N,TSLA,
20190102,10:00:05.013957285,K,303.6,1,304.05,2,R,6236509,0,,N,TSLA,
20190102,10:00:05.013986426,K,303.6,1,304.04,1,R,6236514,0,,N,TSLA,
20190102,10:00:05.013992498,P,303.75,2,304.08,1,R,6236516,0,,N,TSLA,
20190102,10:00:05.013998605,Z,303.63,1,304.04,1,R,6236517,0,,N,TSLA,
20190102,10:00:05.014053235,K,303.6,1,304.04,1,R,6236524,0,,N,TSLA,
20190102,10:00:05.014071037,C,289.99,1,303.92,1,R,6236527,2,,N,TSLA,
20190102,10:00:05.014078541,Z,303.63,1,304.04,1,R,6236529,0,,N,TSLA,
20190102,10:00:05.014130216,Z,303.63,1,304.03,1,R,6236536,0,,N,TSLA,
20190102,10:00:05.014154002,K,303.6,1,304.03,1,R,6236542,0,,N,TSLA,
20190102,10:00:05.014198542,P,303.75,1,304.08,1,R,6236548,2,,N,TSLA,
20190102,10:00:05.014227497,K,303.59,1,304.03,1,R,6236550,0,,N,TSLA,
20190102,10:00:05.014258110,P,303.75,2,304.08,1,R,6236552,2,,N,TSLA,
20190102,10:00:05.014319323,Z,303.63,1,304.03,1,R,6236559,0,,N,TSLA,
20190102,10:00:05.014322154,K,303.59,1,304.03,1,R,6236560,0,,N,TSLA,
20190102,10:00:05.014836753,Q,303.68,2,304.04,1,R,6236596,0,,N,TSLA,
20190102,10:00:05.014972324,Y,293.03,1,309.0,1,R,6236598,0,,N,TSLA,
20190102,10:00:05.017630888,V,0.0,0,303.92,1,R,6236838,0,,N,TSLA,
20190102,10:00:05.025833448,X,286.69,1,303.99,1,R,6237106,0,,N,TSLA,
20190102,10:00:05.043708790,Z,303.63,1,304.03,1,R,6237302,0,,N,TSLA,
20190102,10:00:05.043727149,K,303.59,1,304.03,1,R,6237303,0,,N,TSLA,
20190102,10:00:05.043776421,Y,303.66,1,309.0,1,R,6237306,0,,N,TSLA,
20190102,10:00:05.043791492,Z,303.63,1,304.04,1,R,6237307,0,,N,TSLA,
20190102,10:00:05.043817944,K,303.59,1,304.04,1,R,6237308,0,,N,TSLA,
20190102,10:00:05.043921283,Y,293.03,1,309.0,1,R,6237311,0,,N,TSLA,
20190102,10:00:05.044069019,C,289.99,1,304.05,2,R,6237312,2,,N,TSLA,
20190102,10:00:05.044079356,C,289.99,1,303.93,1,R,6237313,0,,N,TSLA,
20190102,10:00:05.044090412,C,289.99,1,304.05,2,R,6237314,0,,N,TSLA,
20190102,10:00:05.044101436,C,289.99,1,304.03,1,R,6237315,0,,N,TSLA,
20190102,10:00:05.044110699,C,289.99,1,304.03,2,R,6237316,0,,N,TSLA,
20190102,10:00:05.044121284,C,289.99,1,304.03,3,R,6237317,0,,N,TSLA,
20190102,10:00:05.044178406,C,289.99,1,304.03,2,R,6237318,0,,N,TSLA,
20190102,10:00:05.044189635,C,289.99,1,304.03,1,R,6237319,0,,N,TSLA,
20190102,10:00:05.044199301,C,289.99,1,319.18,1,R,6237320,0,,N,TSLA,
20190102,10:00:05.044209413,C,289.99,1,304.04,1,R,6237321,0,,N,TSLA,
20190102,10:00:05.044220696,C,289.99,1,304.04,2,R,6237322,0,,N,TSLA,
20190102,10:00:05.044230294,C,289.99,1,304.04,3,R,6237323,0,,N,TSLA,
20190102,10:00:05.044270582,V,0.0,0,304.03,1,R,6237324,2,,N,TSLA,
20190102,10:00:05.044298111,V,0.0,0,304.03,2,R,6237325,0,,N,TSLA,
20190102,10:00:05.044328739,V,0.0,0,304.03,3,R,6237326,0,,N,TSLA,
20190102,10:00:05.044349178,V,0.0,0,304.03,2,R,6237327,0,,N,TSLA,
20190102,10:00:05.044369347,V,0.0,0,304.03,1,R,6237328,0,,N,TSLA,
20190102,10:00:05.044388767,V,0.0,0,304.04,1,R,6237329,0,,N,TSLA,
20190102,10:00:05.045125799,V,0.0,0,304.04,2,R,6237332,0,,N,TSLA,
20190102,10:00:05.045148357,V,0.0,0,304.04,3,R,6237333,0,,N,TSLA,
20190102,10:00:05.083502486,Y,303.66,1,309.0,1,R,6237526,0,,N,TSLA,
20190102,10:00:05.200111893,X,286.69,1,306.95,1,R,6238153,2,,N,TSLA,
20190102,10:00:05.201163445,P,303.75,2,304.08,1,R,6238216,0,,N,TSLA,
20190102,10:00:05.202052405,X,302.94,1,306.95,1,R,6238230,0,,N,TSLA,
20190102,10:00:05.361421330,X,302.94,1,304.85,1,R,6239877,0,,N,TSLA,
20190102,10:00:05.361447310,B,302.71,1,309.0,1,R,6239878,0,,N,TSLA,
20190102,10:00:05.361450795,B,302.71,1,305.08,1,R,6239879,0,,N,TSLA,
20190102,10:00:05.361451818,J,303.4,1,305.95,1,R,6239880,0,,N,TSLA,
20190102,10:00:05.418717305,Z,303.63,1,304.04,2,R,6239972,0,,N,TSLA,
20190102,10:00:05.418813942,Y,303.47,1,309.0,1,R,6239973,0,,N,TSLA,
20190102,10:00:05.418903235,K,303.58,1,304.04,1,R,6239974,0,,N,TSLA,
20190102,10:00:05.418984632,K,303.56,1,304.04,1,R,6239975,0,,N,TSLA,
20190102,10:00:05.462775317,K,303.48,1,304.04,1,R,6239999,0,,N,TSLA,
20190102,10:00:05.462861896,Y,303.63,1,309.0,1,R,6240000,0,,N,TSLA,
20190102,10:00:05.462970403,K,303.51,1,304.04,1,R,6240001,0,,N,TSLA,
20190102,10:00:05.535521974,Z,303.63,1,304.04,1,R,6240162,0,,N,TSLA,
20190102,10:00:05.535623200,Y,303.47,1,309.0,1,R,6240163,0,,N,TSLA,
20190102,10:00:05.535634551,Y,303.64,1,309.0,1,R,6240164,0,,N,TSLA,
20190102,10:00:05.692013225,Q,303.68,2,303.84,1,R,6240466,2,,N,TSLA,
20190102,10:00:05.692757837,P,303.75,2,304.08,1,R,6240467,0,,N,TSLA,
20190102,10:00:05.694191243,Q,303.68,2,303.83,1,R,6240470,2,,N,TSLA,
20190102,10:00:05.694523502,Y,303.47,1,309.0,1,R,6240471,0,,N,TSLA,
20190102,10:00:05.946559169,P,303.75,2,303.83,1,R,6241436,0,,N,TSLA,
20190102,10:00:05.946624699,Y,303.58,1,309.0,1,R,6241437,0,,N,TSLA,
20190102,10:00:05.946741628,K,303.52,1,304.04,1,R,6241438,0,,N,TSLA,
20190102,10:00:05.946860478,K,303.53,1,304.04,1,R,6241439,0,,N,TSLA,
20190102,10:00:05.947363341,P,303.75,2,303.83,1,R,6241440,0,,N,TSLA,
20190102,10:00:05.977128720,K,303.53,1,304.04,1,R,6241478,0,,N,TSLA,
20190102,10:00:06.472926692,Y,303.47,1,309.0,1,R,6242541,0,,N,TSLA,
20190102,10:00:06.655179037,Q,303.68,2,303.82,1,R,6242879,2,,N,TSLA,
20190102,10:00:06.655558597,Y,303.55,1,309.0,1,R,6242880,0,,N,TSLA,
20190102,10:00:06.655923182,P,303.75,2,303.83,1,R,6242881,0,,N,TSLA,
20190102,10:00:06.656462986,Q,303.68,2,303.81,1,R,6242882,2,,N,TSLA,
20190102,10:00:06.657520172,Q,303.68,2,303.82,1,R,6242883,2,,N,TSLA,
20190102,10:00:06.666089897,Q,303.68,2,303.81,1,R,6243043,2,,N,TSLA,
20190102,10:00:06.829656078,Q,303.68,2,303.82,1,R,6243476,2,,N,TSLA,
20190102,10:00:07.213831347,Y,303.56,1,309.0,1,R,6244099,0,,N,TSLA,
20190102,10:00:07.391521253,P,303.75,2,303.83,1,R,6244788,0,,N,TSLA,
20190102,10:00:07.933242268,P,303.75,2,303.83,1,R,6246176,0,,N,TSLA,
20190102,10:00:08.535829092,P,303.75,1,303.83,1,R,6247681,2,,N,TSLA,
20190102,10:00:08.535883801,Y,303.47,1,309.0,1,R,6247682,0,,N,TSLA,
20190102,10:00:08.536604032,P,303.75,1,303.83,1,R,6247683,0,,N,TSLA,
20190102,10:00:08.764592544,P,303.75,1,303.83,1,R,6248181,0,,N,TSLA,
20190102,10:00:08.814571697,K,303.79,1,304.04,1,R,6248209,2,,N,TSLA,
20190102,10:00:08.814732542,K,303.53,1,304.04,1,R,6248210,2,,N,TSLA,
20190102,10:00:08.814838458,Z,303.54,1,304.04,1,R,6248211,0,,N,TSLA,
20190102,10:00:08.814855872,K,303.53,1,304.04,1,R,6248212,0,,N,TSLA,
20190102,10:00:08.814858913,Z,303.54,1,304.04,1,R,6248213,0,,N,TSLA,
20190102,10:00:08.814866903,Y,303.54,1,309.0,1,R,6248214,0,,N,TSLA,
20190102,10:00:08.814869471,K,303.53,1,303.99,1,R,6248215,0,,N,TSLA,
20190102,10:00:08.814933206,K,303.52,1,303.99,1,R,6248216,0,,N,TSLA,
20190102,10:00:08.814935128,Z,303.52,1,304.04,1,R,6248217,0,,N,TSLA,
20190102,10:00:08.814967390,Z,303.52,1,303.91,2,R,6248218,0,,N,TSLA,
20190102,10:00:08.814980820,K,303.52,1,303.93,1,R,6248219,0,,N,TSLA,
20190102,10:00:08.814992272,Z,303.53,1,303.91,2,R,6248220,0,,N,TSLA,
20190102,10:00:08.815013826,K,303.52,1,303.91,2,R,6248221,0,,N,TSLA,
20190102,10:00:08.815027921,Z,303.52,1,303.91,2,R,6248222,0,,N,TSLA,
20190102,10:00:08.815029255,K,303.53,2,303.91,2,R,6248223,0,,N,TSLA,
20190102,10:00:08.815045232,K,303.52,1,303.91,2,R,6248224,0,,N,TSLA,
20190102,10:00:08.815049338,Z,303.5,1,303.91,2,R,6248225,0,,N,TSLA,
20190102,10:00:08.815062569,K,303.5,1,303.91,2,R,6248226,0,,N,TSLA,
20190102,10:00:08.815086920,Z,303.51,1,303.91,2,R,6248227,0,,N,TSLA,
20190102,10:00:08.815098091,K,303.51,1,303.91,2,R,6248228,0,,N,TSLA,
20190102,10:00:08.815125008,Z,303.5,1,303.91,2,R,6248229,0,,N,TSLA,
20190102,10:00:08.815183698,Z,303.51,1,303.91,2,R,6248231,0,,N,TSLA,
20190102,10:00:08.815210705,Z,303.5,1,303.91,2,R,6248232,0,,N,TSLA,
20190102,10:00:08.815233175,Y,303.47,1,309.0,1,R,6248233,0,,N,TSLA,
20190102,10:00:08.815268566,Z,303.51,1,303.91,2,R,6248234,0,,N,TSLA,
20190102,10:00:08.815285936,Z,303.5,1,303.91,2,R,6248235,0,,N,TSLA,
20190102,10:00:08.815350203,Z,303.51,1,303.91,2,R,6248236,0,,N,TSLA,
20190102,10:00:08.815360928,Z,303.5,1,303.91,2,R,6248237,0,,N,TSLA,
20190102,10:00:08.815435572,Z,303.51,1,303.91,2,R,6248238,0,,N,TSLA,
20190102,10:00:08.815440467,Z,303.5,1,303.91,2,R,6248239,0,,N,TSLA,
20190102,10:00:08.815523365,Z,303.51,1,303.91,2,R,6248241,0,,N,TSLA,
20190102,10:00:08.815532710,Z,303.5,1,303.91,2,R,6248242,0,,N,TSLA,
20190102,10:00:08.815608642,Z,303.51,1,303.91,2,R,6248245,0,,N,TSLA,
20190102,10:00:08.815613966,Z,303.5,1,303.91,2,R,6248246,0,,N,TSLA,
20190102,10:00:08.815693735,Z,303.51,1,303.91,2,R,6248247,0,,N,TSLA,
20190102,10:00:08.815699011,Z,303.5,1,303.91,2,R,6248248,0,,N,TSLA,
20190102,10:00:08.815779078,Z,303.51,1,303.91,2,R,6248251,0,,N,TSLA,
20190102,10:00:08.815783636,Z,303.5,1,303.91,2,R,6248252,0,,N,TSLA,
20190102,10:00:08.815860094,Z,303.51,1,303.91,2,R,6248254,0,,N,TSLA,
20190102,10:00:08.815865618,Z,303.5,1,303.91,2,R,6248255,0,,N,TSLA,
20190102,10:00:08.815946654,Z,303.51,1,303.91,2,R,6248257,0,,N,TSLA,
20190102,10:00:08.815952061,Z,303.5,1,303.91,2,R,6248258,0,,N,TSLA,
20190102,10:00:08.816028825,Z,303.51,1,303.91,2,R,6248259,0,,N,TSLA,
20190102,10:00:08.816034470,Z,303.5,1,303.91,2,R,6248260,0,,N,TSLA,
20190102,10:00:08.859493866,Y,303.51,1,309.0,1,R,6248295,0,,N,TSLA,
20190102,10:00:08.923261686,K,303.51,1,303.91,1,R,6248416,0,,N,TSLA,
20190102,10:00:08.937796064,Z,303.5,1,303.91,1,R,6248421,0,,N,TSLA,
20190102,10:00:09.080404241,Y,303.47,1,309.0,1,R,6248610,0,,N,TSLA,
20190102,10:00:09.080410354,Y,303.52,1,309.0,1,R,6248611,0,,N,TSLA,
20190102,10:00:09.194747856,Q,303.68,2,303.79,1,R,6248897,2,,N,TSLA,
20190102,10:00:09.194938267,Z,303.5,1,303.91,1,R,6248900,0,,N,TSLA,
20190102,10:00:09.194958502,Y,303.47,1,309.0,1,R,6248901,0,,N,TSLA,
20190102,10:00:09.194962903,K,303.51,1,303.91,1,R,6248902,0,,N,TSLA,
20190102,10:00:09.195050646,Z,303.5,1,303.84,1,R,6248903,0,,N,TSLA,
20190102,10:00:09.195097146,K,303.51,1,303.84,1,R,6248904,0,,N,TSLA,
20190102,10:00:09.195097488,Z,303.5,1,303.83,1,R,6248905,0,,N,TSLA,
20190102,10:00:09.195107580,K,303.51,1,303.83,1,R,6248906,0,,N,TSLA,
20190102,10:00:09.224913161,Z,303.5,1,303.83,1,R,6248948,0,,N,TSLA,
20190102,10:00:09.224927837,K,303.51,1,303.83,1,R,6248949,0,,N,TSLA,
20190102,10:00:09.224962554,Z,303.5,1,303.84,1,R,6248950,0,,N,TSLA,
20190102,10:00:09.224971515,K,303.51,1,303.84,1,R,6248951,0,,N,TSLA,
20190102,10:00:09.224976624,Y,303.5,1,309.0,1,R,6248952,0,,N,TSLA,
20190102,10:00:09.225017802,K,303.51,1,303.91,1,R,6248953,0,,N,TSLA,
20190102,10:00:09.225079794,K,303.51,1,303.85,1,R,6248954,0,,N,TSLA,
20190102,10:00:09.225099787,K,303.51,1,303.91,1,R,6248955,0,,N,TSLA,
20190102,10:00:09.225183576,K,303.51,1,303.86,1,R,6248956,0,,N,TSLA,
20190102,10:00:09.225193466,K,303.51,1,303.91,1,R,6248957,0,,N,TSLA,
20190102,10:00:09.225291164,K,303.51,1,303.85,1,R,6248959,0,,N,TSLA,
20190102,10:00:09.225302701,K,303.51,1,303.91,1,R,6248960,0,,N,TSLA,
20190102,10:00:09.225399501,K,303.51,1,303.86,1,R,6248961,0,,N,TSLA,
20190102,10:00:09.225409102,K,303.51,1,303.91,1,R,6248962,0,,N,TSLA,
20190102,10:00:09.225506377,K,303.51,1,303.85,1,R,6248963,0,,N,TSLA,
20190102,10:00:09.225515861,K,303.51,1,303.91,1,R,6248964,0,,N,TSLA,
20190102,10:00:09.225609830,K,303.51,1,303.85,1,R,6248965,0,,N,TSLA,
20190102,10:00:09.225646857,K,303.51,1,303.91,1,R,6248966,0,,N,TSLA,
20190102,10:00:09.225721296,K,303.51,1,303.84,2,R,6248967,0,,N,TSLA,
20190102,10:00:09.225748775,K,303.51,1,303.85,1,R,6248968,0,,N,TSLA,
20190102,10:00:09.225757828,K,303.51,1,303.91,1,R,6248969,0,,N,TSLA,
20190102,10:00:09.225838277,K,303.51,1,303.85,1,R,6248970,0,,N,TSLA,
20190102,10:00:09.225848219,K,303.51,1,303.86,1,R,6248971,0,,N,TSLA,
20190102,10:00:09.225860663,K,303.51,1,303.91,1,R,6248972,0,,N,TSLA,
20190102,10:00:09.225939739,K,303.51,1,303.86,1,R,6248973,0,,N,TSLA,
20190102,10:00:09.225972364,K,303.51,1,303.85,1,R,6248974,0,,N,TSLA,
20190102,10:00:09.225982533,K,303.51,1,303.91,1,R,6248975,0,,N,TSLA,
20190102,10:00:09.226048107,K,303.51,1,303.85,1,R,6248976,0,,N,TSLA,
20190102,10:00:09.226072006,K,303.51,1,303.91,1,R,6248977,0,,N,TSLA,
20190102,10:00:09.226147904,K,303.51,1,303.86,1,R,6248978,0,,N,TSLA,
20190102,10:00:09.226157874,K,303.51,1,303.91,1,R,6248979,0,,N,TSLA,
20190102,10:00:09.226251655,K,303.51,1,303.85,1,R,6248980,0,,N,TSLA,
20190102,10:00:09.226261265,K,303.51,1,303.91,1,R,6248981,0,,N,TSLA,
20190102,10:00:09.226351094,K,303.51,1,303.86,1,R,6248982,0,,N,TSLA,
20190102,10:00:09.226361014,K,303.51,1,303.91,1,R,6248983,0,,N,TSLA,
20190102,10:00:09.226474436,K,303.51,1,303.85,1,R,6248984,0,,N,TSLA,
20190102,10:00:09.226482506,K,303.51,1,303.91,1,R,6248985,0,,N,TSLA,
20190102,10:00:09.226577241,K,303.51,1,303.85,1,R,6248986,0,,N,TSLA,
20190102,10:00:09.226601442,K,303.51,1,303.91,1,R,6248987,0,,N,TSLA,
20190102,10:00:09.226693483,K,303.51,1,303.85,1,R,6248988,0,,N,TSLA,
20190102,10:00:09.226703749,K,303.51,1,303.91,1,R,6248989,0,,N,TSLA,
20190102,10:00:09.226800818,K,303.51,1,303.85,1,R,6248990,0,,N,TSLA,
20190102,10:00:09.226810423,K,303.51,1,303.91,1,R,6248991,0,,N,TSLA,
20190102,10:00:09.322016351,Z,303.5,1,303.85,1,R,6249176,0,,N,TSLA,
20190102,10:00:09.322113793,Y,303.47,1,309.0,1,R,6249177,0,,N,TSLA,
20190102,10:00:09.322123983,Y,303.51,1,309.0,1,R,6249178,0,,N,TSLA,
20190102,10:00:09.390835637,Z,303.5,1,304.24,1,R,6249451,0,,N,TSLA,
20190102,10:00:09.446522069,P,303.75,1,304.08,1,R,6249535,0,,N,TSLA,
20190102,10:00:09.446571187,Y,303.47,1,309.0,1,R,6249536,0,,N,TSLA,
20190102,10:00:09.446582328,Y,303.52,1,309.0,1,R,6249537,0,,N,TSLA,
20190102,10:00:09.449239108,Q,303.68,2,303.79,2,R,6249541,2,,N,TSLA,
20190102,10:00:10.011281846,P,303.75,2,304.08,1,R,6250592,2,,N,TSLA,
20190102,10:00:10.011340010,Y,303.47,1,309.0,1,R,6250594,0,,N,TSLA,
20190102,10:00:10.100212711,Y,303.54,1,309.0,1,R,6250994,0,,N,TSLA,
20190102,10:00:10.100232174,Z,303.5,1,303.84,1,R,6250995,0,,N,TSLA,
20190102,10:00:10.100294597,Z,303.64,1,303.84,1,R,6250997,0,,N,TSLA,
20190102,10:00:10.222401819,P,303.75,1,304.08,1,R,6251222,2,,N,TSLA,
20190102,10:00:10.222447872,Y,303.47,1,309.0,1,R,6251226,0,,N,TSLA,
20190102,10:00:10.222469232,Z,303.64,1,303.83,2,R,6251227,0,,N,TSLA,
20190102,10:00:10.222476041,P,303.75,2,304.08,1,R,6251228,2,,N,TSLA,
20190102,10:00:10.222520230,P,303.75,1,304.08,1,R,6251236,2,,N,TSLA,
20190102,10:00:10.222539312,Z,303.52,1,303.83,2,R,6251240,0,,N,TSLA,
20190102,10:00:10.222621812,Z,303.51,1,303.83,2,R,6251246,0,,N,TSLA,
20190102,10:00:10.291322528,Y,293.03,1,309.0,1,R,6251668,0,,N,TSLA,
20190102,10:00:10.362371848,Z,303.51,1,303.83,1,R,6251940,0,,N,TSLA,
20190102,10:00:10.362485642,Y,303.52,1,309.0,1,R,6251941,0,,N,TSLA,
20190102,10:00:10.459446737,Q,303.68,2,303.79,1,R,6251998,2,,N,TSLA,
20190102,10:00:10.558715487,B,303.75,1,305.08,1,R,6252298,0,,N,TSLA,
20190102,10:00:10.558766445,Q,303.68,2,303.82,1,R,6252299,2,,N,TSLA,
20190102,10:00:10.558833481,Q,303.68,2,303.84,1,R,6252300,2,,N,TSLA,
20190102,10:00:10.558850039,Q,303.68,2,304.05,1,R,6252301,0,,N,TSLA,
20190102,10:00:10.559066729,Z,303.51,1,303.84,2,R,6252302,2,,N,TSLA,
20190102,10:00:10.559074822,Y,303.55,1,309.0,1,R,6252303,0,,N,TSLA,
20190102,10:00:10.559084438,Z,303.51,1,303.84,2,R,6252304,0,,N,TSLA,
20190102,10:00:10.559143556,Z,303.51,1,303.84,1,R,6252305,2,,N,TSLA,
20190102,10:00:10.559168938,K,303.51,1,303.91,1,R,6252306,0,,N,TSLA,
20190102,10:00:10.559178368,Z,303.65,1,303.84,1,R,6252307,0,,N,TSLA,
20190102,10:00:10.559215890,Z,303.65,1,303.84,1,R,6252308,0,,N,TSLA,
20190102,10:00:10.559216459,Q,303.68,2,304.06,1,R,6252309,0,,N,TSLA,
20190102,10:00:10.559253970,K,303.51,1,303.91,1,R,6252310,0,,N,TSLA,
20190102,10:00:10.559310265,K,303.51,1,303.91,1,R,6252311,0,,N,TSLA,
20190102,10:00:10.559333514,Z,303.65,1,303.84,1,R,6252312,0,,N,TSLA,
20190102,10:00:10.559352880,Z,303.65,1,304.24,1,R,6252313,2,,N,TSLA,
20190102,10:00:10.559355690,K,303.51,1,304.0,3,R,6252314,2,,N,TSLA,
20190102,10:00:10.559395662,Z,303.65,1,304.24,1,R,6252315,0,,N,TSLA,
20190102,10:00:10.559419634,K,303.69,1,304.0,3,R,6252316,0,,N,TSLA,
20190102,10:00:10.559445174,Z,303.66,1,304.05,1,R,6252317,0,,N,TSLA,
20190102,10:00:10.559479209,Z,303.69,1,304.05,1,R,6252318,0,,N,TSLA,
20190102,10:00:10.559522927,K,303.69,1,304.0,3,R,6252319,0,,N,TSLA,
20190102,10:00:10.559531971,Z,303.69,1,304.24,1,R,6252320,0,,N,TSLA,
20190102,10:00:10.559556372,K,303.71,1,304.0,3,R,6252321,0,,N,TSLA,
20190102,10:00:10.559562754,Z,303.71,1,304.23,1,R,6252322,0,,N,TSLA,
20190102,10:00:10.559606195,Z,303.71,1,304.09,1,R,6252323,0,,N,TSLA,
20190102,10:00:10.559615537,K,303.71,1,304.0,3,R,6252324,0,,N,TSLA,
20190102,10:00:10.559642378,Z,303.75,1,304.09,1,R,6252325,0,,N,TSLA,
20190102,10:00:10.559682601,K,303.75,2,304.0,3,R,6252326,4,,N,TSLA,
20190102,10:00:10.559683302,Z,303.73,1,304.23,1,R,6252327,0,,N,TSLA,
20190102,10:00:10.559697163,Z,303.73,1,304.23,1,R,6252328,0,,N,TSLA,
20190102,10:00:10.559719822,Z,303.73,1,304.08,2,R,6252329,0,,N,TSLA,
20190102,10:00:10.559722575,K,303.73,1,304.0,3,R,6252330,2,,N,TSLA,
20190102,10:00:10.559776495,K,303.73,1,304.0,3,R,6252331,0,,N,TSLA,
20190102,10:00:10.559779046,Z,303.73,1,304.09,1,R,6252332,0,,N,TSLA,
20190102,10:00:10.559803418,Z,303.73,1,304.23,1,R,6252333,0,,N,TSLA,
20190102,10:00:10.559809017,Z,303.71,1,304.23,1,R,6252334,0,,N,TSLA,
20190102,10:00:10.559831888,Z,303.71,1,304.08,2,R,6252335,0,,N,TSLA,
20190102,10:00:10.559846518,Z,303.72,1,304.08,2,R,6252336,0,,N,TSLA,
20190102,10:00:10.559867745,K,303.71,1,304.0,3,R,6252337,0,,N,TSLA,
20190102,10:00:10.559871852,C,289.99,1,304.04,2,R,6252338,0,,N,TSLA,
20190102,10:00:10.559899213,Z,303.71,1,304.08,2,R,6252339,0,,N,TSLA,
20190102,10:00:10.559903209,C,289.99,1,304.04,1,R,6252340,0,,N,TSLA,
20190102,10:00:10.559917558,Z,303.71,1,304.23,1,R,6252341,0,,N,TSLA,
20190102,10:00:10.559931602,Z,303.71,1,304.08,2,R,6252342,0,,N,TSLA,
20190102,10:00:10.559989381,V,0.0,0,304.0,1,R,6252343,0,,N,TSLA,
20190102,10:00:10.560116771,V,0.0,0,304.01,1,R,6252344,0,,N,TSLA,
20190102,10:00:10.560137258,V,0.0,0,304.04,1,R,6252345,0,,N,TSLA,
20190102,10:00:10.560771444,P,303.75,1,304.08,1,R,6252346,0,,N,TSLA,
20190102,10:00:10.560923954,V,0.0,0,304.0,1,R,6252347,0,,N,TSLA,
20190102,10:00:10.561517236,Y,303.55,1,309.0,1,R,6252348,0,,N,TSLA,
20190102,10:00:10.561563753,Q,303.68,2,304.07,1,R,6252349,0,,N,TSLA,
20190102,10:00:10.574736602,Z,303.71,1,304.08,2,R,6252357,0,,N,TSLA,
20190102,10:00:10.590305352,Y,293.03,1,309.0,1,R,6252493,0,,N,TSLA,
20190102,10:00:10.590317475,Y,303.63,1,309.0,1,R,6252494,0,,N,TSLA,
20190102,10:00:10.647250244,Y,293.03,1,309.0,1,R,6252826,0,,N,TSLA,
20190102,10:00:10.647256621,Y,303.65,1,309.0,1,R,6252827,0,,N,TSLA,
20190102,10:00:10.701686281,Z,303.71,1,304.08,2,R,6253084,0,,N,TSLA,
20190102,10:00:10.739852334,Z,303.71,1,304.08,1,R,6253169,0,,N,TSLA,
20190102,10:00:10.764061226,Y,303.66,1,309.0,1,R,6253196,0,,N,TSLA,
20190102,10:00:10.808465747,Y,303.66,1,309.0,1,R,6253245,0,,N,TSLA,
20190102,10:00:10.914195199,M,303.76,1,0.0,0,Y,6253484,2,,N,TSLA,
20190102,10:00:10.947174860,M,0.0,0,0.0,0,R,6253599,2,,N,TSLA,
20190102,10:00:11.120007099,Z,303.71,1,304.08,1,R,6253764,0,,N,TSLA,
20190102,10:00:11.120516692,V,0.0,0,307.0,1,R,6253765,0,,N,TSLA,
20190102,10:00:11.566603414,Q,303.68,2,304.0,1,R,6254419,0,,N,TSLA,
20190102,10:00:11.566958021,Y,303.7,1,309.0,1,R,6254420,0,,N,TSLA,
20190102,10:00:11.567053481,Z,303.71,1,304.08,1,R,6254421,0,,N,TSLA,
20190102,10:00:11.567163712,Z,303.71,1,304.08,1,R,6254422,0,,N,TSLA,
20190102,10:00:11.567164423,Y,303.45,1,309.0,1,R,6254423,0,,N,TSLA,
20190102,10:00:11.567185632,K,303.71,1,304.0,3,R,6254424,0,,N,TSLA,
20190102,10:00:11.567299154,M,303.76,1,0.0,0,Y,6254425,2,,N,TSLA,
20190102,10:00:11.567589800,V,0.0,0,304.0,1,R,6254426,0,,N,TSLA,
20190102,10:00:11.567651626,V,0.0,0,307.0,1,R,6254427,0,,N,TSLA,
20190102,10:00:11.597150183,Z,303.71,1,304.08,1,R,6254473,0,,N,TSLA,
20190102,10:00:11.597166416,K,303.71,1,304.0,3,R,6254474,0,,N,TSLA,
20190102,10:00:11.597251845,Y,303.68,1,309.0,1,R,6254475,0,,N,TSLA,
20190102,10:00:11.597831647,V,0.0,0,304.0,1,R,6254476,0,,N,TSLA,
20190102,10:00:11.603598217,M,0.0,0,0.0,0,R,6254598,2,,N,TSLA,
20190102,10:00:11.676005356,Y,303.69,1,309.0,1,R,6255238,0,,N,TSLA,
20190102,10:00:11.676167203,C,289.99,1,304.0,1,R,6255239,0,,N,TSLA,
20190102,10:00:12.014718966,C,289.99,1,319.18,1,R,6256023,0,,N,TSLA,
20190102,10:00:12.014910312,V,0.0,0,304.01,1,R,6256025,0,,N,TSLA,
20190102,10:00:12.057040683,Y,303.71,1,309.0,1,R,6256227,0,,N,TSLA,
20190102,10:00:12.057430589,V,0.0,0,304.0,1,R,6256235,0,,N,TSLA,
20190102,10:00:12.390584551,P,303.75,1,304.06,1,R,6256805,2,,N,TSLA,
20190102,10:00:12.612306049,Y,293.03,1,309.0,1,R,6257469,0,,N,TSLA,
20190102,10:00:12.647646492,M,303.75,1,0.0,0,Y,6257510,0,,N,TSLA,
20190102,10:00:12.649837078,P,303.75,2,304.06,1,R,6257512,2,,N,TSLA,
20190102,10:00:12.649904125,Y,303.67,1,309.0,1,R,6257513,0,,N,TSLA,
20190102,10:00:12.672348931,M,303.76,1,0.0,0,Y,6257549,2,,N,TSLA,
20190102,10:00:12.717467335,M,0.0,0,0.0,0,R,6257624,2,,N,TSLA,
20190102,10:00:13.141934597,Y,303.72,1,309.0,1,R,6258166,0,,N,TSLA,
20190102,10:00:13.176827810,Q,303.68,2,303.99,1,R,6258203,2,,N,TSLA,
20190102,10:00:13.177569773,P,303.75,2,304.06,1,R,6258204,0,,N,TSLA,
20190102,10:00:13.177613228,V,0.0,0,303.99,1,R,6258205,0,,N,TSLA,
20190102,10:00:13.505804553,Y,293.03,1,309.0,1,R,6259266,0,,N,TSLA,
20190102,10:00:13.505991765,M,303.76,1,0.0,0,Y,6259267,2,,N,TSLA,
20190102,10:00:13.506564565,P,303.75,2,304.06,1,R,6259268,0,,N,TSLA,
20190102,10:00:13.526222440,M,0.0,0,0.0,0,R,6259283,2,,N,TSLA,
20190102,10:00:13.526350120,Y,303.69,1,309.0,1,R,6259284,0,,N,TSLA,
20190102,10:00:13.571910377,Y,293.03,1,309.0,1,R,6259424,0,,N,TSLA,
20190102,10:00:13.571916691,Y,303.7,1,309.0,1,R,6259425,0,,N,TSLA,
20190102,10:00:13.667170723,P,303.75,1,304.06,1,R,6259581,2,,N,TSLA,
20190102,10:00:13.667233223,Y,293.03,1,309.0,1,R,6259582,0,,N,TSLA,
20190102,10:00:13.688520156,Z,303.71,1,304.08,1,R,6259709,0,,N,TSLA,
20190102,10:00:13.688632228,Y,303.66,1,309.0,1,R,6259710,0,,N,TSLA,
20190102,10:00:13.689037056,V,0.0,0,304.0,1,R,6259712,0,,N,TSLA,
20190102,10:00:13.709247419,Z,303.72,1,304.08,1,R,6259851,0,,N,TSLA,
20190102,10:00:13.722756992,Y,303.7,1,309.0,1,R,6259879,0,,N,TSLA,
20190102,10:00:13.723248821,V,0.0,0,307.0,1,R,6259880,0,,N,TSLA,
20190102,10:00:13.833100070,Z,303.72,1,304.08,1,R,6260029,0,,N,TSLA,
20190102,10:00:13.833129801,Y,293.03,1,309.0,1,R,6260030,0,,N,TSLA,
20190102,10:00:13.833179694,K,303.71,1,304.0,3,R,6260031,0,,N,TSLA,
20190102,10:00:13.833190587,K,303.71,1,304.0,3,R,6260032,0,,N,TSLA,
20190102,10:00:13.833242175,Z,303.71,1,304.08,1,R,6260034,0,,N,TSLA,
20190102,10:00:13.833260958,Z,303.71,1,304.08,1,R,6260035,0,,N,TSLA,
20190102,10:00:13.833268185,K,303.71,1,304.0,3,R,6260036,0,,N,TSLA,
20190102,10:00:13.833288390,Z,303.71,1,304.08,1,R,6260037,0,,N,TSLA,
20190102,10:00:13.833314242,K,303.71,1,304.0,3,R,6260038,0,,N,TSLA,
20190102,10:00:13.833379459,Z,303.71,1,304.07,1,R,6260039,0,,N,TSLA,
20190102,10:00:13.833385080,Z,303.71,1,304.08,1,R,6260040,0,,N,TSLA,
20190102,10:00:13.833471711,C,289.99,1,303.99,1,R,6260041,0,,N,TSLA,
20190102,10:00:13.833600742,V,0.0,0,303.99,1,R,6260042,0,,N,TSLA,
20190102,10:00:13.833641025,P,303.75,1,304.06,1,R,6260043,0,,N,TSLA,
20190102,10:00:13.833780188,V,0.0,0,303.96,1,R,6260044,2,,N,TSLA,
20190102,10:00:13.833821334,V,0.0,0,307.0,1,R,6260045,2,,N,TSLA,
20190102,10:00:13.834573422,V,0.0,0,303.99,1,R,6260046,0,,N,TSLA,
20190102,10:00:13.863024846,P,303.75,1,304.06,1,R,6260065,0,,N,TSLA,
20190102,10:00:13.873040263,Y,303.68,1,309.0,1,R,6260077,0,,N,TSLA,
20190102,10:00:13.936384702,Y,293.03,1,309.0,1,R,6260154,0,,N,TSLA,
20190102,10:00:13.936396466,Y,303.69,1,309.0,1,R,6260155,0,,N,TSLA,
20190102,10:00:14.219762052,Q,303.68,2,303.99,2,R,6261318,2,,N,TSLA,
20190102,10:00:14.220114739,Y,293.03,1,309.0,1,R,6261321,0,,N,TSLA,
20190102,10:00:14.245750513,Y,303.67,1,309.0,1,R,6261464,0,,N,TSLA,
20190102,10:00:14.273104870,M,303.76,1,0.0,0,Y,6261479,2,,N,TSLA,
20190102,10:00:14.299195484,M,0.0,0,0.0,0,R,6261522,2,,N,TSLA,
20190102,10:00:14.394055908,Y,303.47,1,309.0,1,R,6261594,0,,N,TSLA,
20190102,10:00:14.394061727,Y,303.68,1,309.0,1,R,6261595,0,,N,TSLA,
20190102,10:00:14.641029950,Q,303.68,2,303.99,3,R,6262938,2,,N,TSLA,
20190102,10:00:14.731736553,Q,303.68,2,303.88,1,R,6263228,2,,N,TSLA,
20190102,10:00:14.731844707,Q,303.68,2,303.88,2,R,6263229,2,,N,TSLA,
20190102,10:00:14.732166496,Y,303.47,1,309.0,1,R,6263230,0,,N,TSLA,
20190102,10:00:14.732479250,P,303.75,1,304.06,1,R,6263231,0,,N,TSLA,
20190102,10:00:14.745779152,Y,303.65,1,309.0,1,R,6263240,0,,N,TSLA,
20190102,10:00:14.856067950,Y,303.47,1,309.0,1,R,6263375,0,,N,TSLA,
20190102,10:00:14.856081395,Y,303.66,1,309.0,1,R,6263376,0,,N,TSLA,
20190102,10:00:14.984365133,P,303.75,1,303.88,1,R,6263542,0,,N,TSLA,
20190102,10:00:15.088831433,B,302.71,1,305.08,1,R,6264019,2,,N,TSLA,
20190102,10:00:15.089170174,Y,303.47,1,309.0,1,R,6264020,0,,N,TSLA,
20190102,10:00:15.089191571,Z,303.7,1,304.08,1,R,6264021,0,,N,TSLA,
20190102,10:00:15.089195624,K,303.7,1,304.0,3,R,6264022,0,,N,TSLA,
20190102,10:00:15.089268780,Z,303.68,1,304.08,1,R,6264023,0,,N,TSLA,
20190102,10:00:15.089296656,K,303.68,1,304.0,3,R,6264024,0,,N,TSLA,
20190102,10:00:15.089300514,Z,303.69,1,304.08,1,R,6264025,0,,N,TSLA,
20190102,10:00:15.089344495,Z,303.68,1,304.08,1,R,6264026,0,,N,TSLA,
20190102,10:00:15.089350579,Z,303.65,1,304.08,1,R,6264027,0,,N,TSLA,
20190102,10:00:15.089376385,Z,303.67,1,304.08,1,R,6264028,0,,N,TSLA,
20190102,10:00:15.089405259,K,303.45,1,304.0,3,R,6264029,0,,N,TSLA,
20190102,10:00:15.089434229,Z,303.66,1,304.08,1,R,6264030,0,,N,TSLA,
20190102,10:00:15.089452362,K,303.66,1,304.0,3,R,6264031,0,,N,TSLA,
20190102,10:00:15.089499981,K,303.45,1,304.0,3,R,6264032,0,,N,TSLA,
20190102,10:00:15.089538219,K,303.52,1,304.0,3,R,6264033,0,,N,TSLA,
20190102,10:00:15.089562473,K,303.64,1,304.0,3,R,6264034,0,,N,TSLA,
20190102,10:00:15.089588032,K,303.66,1,304.0,3,R,6264035,0,,N,TSLA,
20190102,10:00:15.089610111,K,303.52,1,304.0,3,R,6264036,0,,N,TSLA,
20190102,10:00:15.089666015,K,303.65,2,304.0,3,R,6264037,0,,N,TSLA,
20190102,10:00:15.089703546,K,303.66,1,304.0,3,R,6264038,0,,N,TSLA,
20190102,10:00:15.089726482,K,303.52,1,304.0,3,R,6264039,0,,N,TSLA,
20190102,10:00:15.089773762,K,303.66,2,304.0,3,R,6264040,0,,N,TSLA,
20190102,10:00:15.089829581,K,303.52,1,304.0,3,R,6264041,0,,N,TSLA,
20190102,10:00:15.089876422,K,303.65,1,304.0,3,R,6264042,0,,N,TSLA,
20190102,10:00:15.089899578,K,303.66,1,304.0,3,R,6264043,0,,N,TSLA,
20190102,10:00:15.089912343,K,303.65,1,304.0,3,R,6264044,0,,N,TSLA,
20190102,10:00:15.089922405,K,303.64,1,304.0,3,R,6264045,0,,N,TSLA,
20190102,10:00:15.089972889,K,303.66,2,304.0,3,R,6264047,0,,N,TSLA,
20190102,10:00:15.090014683,K,303.65,1,304.0,3,R,6264048,0,,N,TSLA,
20190102,10:00:15.090079184,K,303.66,1,304.0,3,R,6264049,0,,N,TSLA,
20190102,10:00:15.101248943,M,303.76,1,0.0,0,Y,6264065,2,,N,TSLA,
20190102,10:00:15.135711067,M,0.0,0,0.0,0,R,6264171,2,,N,TSLA,
20190102,10:00:15.152653952,K,303.69,1,304.0,3,R,6264193,0,,N,TSLA,
20190102,10:00:15.152759908,Y,303.63,1,309.0,1,R,6264194,0,,N,TSLA,
20190102,10:00:15.850728045,Q,303.68,2,303.88,1,R,6266096,2,,N,TSLA,
20190102,10:00:15.850826609,P,303.75,1,303.88,1,R,6266097,0,,N,TSLA,
20190102,10:00:15.850897637,Y,303.67,1,309.0,1,R,6266098,0,,N,TSLA,
20190102,10:00:15.850902899,P,303.75,1,304.06,1,R,6266099,0,,N,TSLA,
20190102,10:00:15.850904087,Z,303.66,1,304.08,1,R,6266100,0,,N,TSLA,
20190102,10:00:15.850914446,Z,303.66,1,304.08,1,R,6266101,0,,N,TSLA,
20190102,10:00:15.850915651,Y,303.47,1,309.0,1,R,6266102,0,,N,TSLA,
20190102,10:00:15.851018334,Q,303.68,2,303.99,3,R,6266103,2,,N,TSLA,
20190102,10:00:15.851019864,Z,303.68,1,304.08,1,R,6266104,0,,N,TSLA,
20190102,10:00:15.851036977,Z,303.66,1,304.08,1,R,6266105,0,,N,TSLA,
20190102,10:00:15.851095866,M,303.76,1,0.0,0,Y,6266106,2,,N,TSLA,
20190102,10:00:15.851118706,Z,303.67,1,304.08,1,R,6266107,0,,N,TSLA,
20190102,10:00:15.851133299,Z,303.68,1,304.08,1,R,6266108,0,,N,TSLA,
20190102,10:00:15.851140298,Z,303.67,1,304.08,1,R,6266109,0,,N,TSLA,
20190102,10:00:15.851158255,Z,303.66,1,304.08,1,R,6266110,0,,N,TSLA,
20190102,10:00:15.851204559,Z,303.68,2,304.08,1,R,6266111,0,,N,TSLA,
20190102,10:00:15.851235281,Z,303.66,1,304.08,1,R,6266112,0,,N,TSLA,
20190102,10:00:15.851299305,Z,303.68,1,304.08,1,R,6266113,0,,N,TSLA,
20190102,10:00:15.851314251,C,289.99,1,319.18,1,R,6266114,0,,N,TSLA,
20190102,10:00:15.851317503,Z,303.66,1,304.08,1,R,6266115,0,,N,TSLA,
20190102,10:00:15.851388677,C,303.7,1,319.18,1,R,6266116,0,,N,TSLA,
20190102,10:00:15.851399420,Z,303.68,1,304.08,1,R,6266117,0,,N,TSLA,
20190102,10:00:15.851407064,C,289.99,1,319.18,1,R,6266118,0,,N,TSLA,
20190102,10:00:15.851410878,Z,303.66,1,304.08,1,R,6266119,0,,N,TSLA,
20190102,10:00:15.851417747,C,303.69,1,319.18,1,R,6266120,0,,N,TSLA,
20190102,10:00:15.851489986,Z,303.68,1,304.08,1,R,6266121,0,,N,TSLA,
20190102,10:00:15.851493262,C,303.7,1,319.18,1,R,6266122,0,,N,TSLA,
20190102,10:00:15.851503736,C,289.99,1,319.18,1,R,6266123,0,,N,TSLA,
20190102,10:00:15.851508197,Z,303.66,1,304.08,1,R,6266124,0,,N,TSLA,
20190102,10:00:15.851534299,C,303.69,1,319.18,1,R,6266125,0,,N,TSLA,
20190102,10:00:15.851576292,Z,303.68,1,304.08,1,R,6266126,0,,N,TSLA,
20190102,10:00:15.851583220,C,303.7,1,319.18,1,R,6266127,0,,N,TSLA,
20190102,10:00:15.851590177,V,303.7,1,303.99,1,R,6266128,0,,N,TSLA,
20190102,10:00:15.851595445,Z,303.66,1,304.08,1,R,6266129,0,,N,TSLA,
20190102,10:00:15.851677138,Z,303.68,1,304.08,1,R,6266130,0,,N,TSLA,
20190102,10:00:15.851691247,Z,303.66,1,304.08,1,R,6266131,0,,N,TSLA,
20190102,10:00:15.851765701,Z,303.68,1,304.08,1,R,6266132,0,,N,TSLA,
20190102,10:00:15.851785878,Z,303.66,1,304.08,1,R,6266133,0,,N,TSLA,
20190102,10:00:15.851856845,Z,303.68,1,304.08,1,R,6266134,0,,N,TSLA,
20190102,10:00:15.851874065,Z,303.66,1,304.08,1,R,6266135,0,,N,TSLA,
20190102,10:00:15.851942209,Z,303.68,1,304.08,1,R,6266136,0,,N,TSLA,
20190102,10:00:15.851961454,Z,303.66,1,304.08,1,R,6266137,0,,N,TSLA,
20190102,10:00:15.852025679,Z,303.68,1,304.08,1,R,6266138,0,,N,TSLA,
20190102,10:00:15.852045425,P,303.75,1,304.06,1,R,6266139,0,,N,TSLA,
20190102,10:00:15.852051381,Z,303.66,1,304.08,1,R,6266140,0,,N,TSLA,
20190102,10:00:15.852106624,Z,303.68,1,304.08,1,R,6266141,0,,N,TSLA,
20190102,10:00:15.852135667,Z,303.66,1,304.08,1,R,6266142,0,,N,TSLA,
20190102,10:00:15.852188252,Z,303.68,1,304.08,1,R,6266143,0,,N,TSLA,
20190102,10:00:15.852217352,Z,303.66,1,304.08,1,R,6266144,0,,N,TSLA,
20190102,10:00:15.852230923,C,289.99,1,319.18,1,R,6266145,0,,N,TSLA,
20190102,10:00:15.852241175,C,303.69,1,319.18,1,R,6266146,0,,N,TSLA,
20190102,10:00:15.852269445,Z,303.68,1,304.08,1,R,6266147,0,,N,TSLA,
20190102,10:00:15.852293469,Z,303.66,1,304.08,1,R,6266148,0,,N,TSLA,
20190102,10:00:15.852306000,C,303.7,1,319.18,1,R,6266149,0,,N,TSLA,
20190102,10:00:15.852322100,C,289.99,1,319.18,1,R,6266150,0,,N,TSLA,
20190102,10:00:15.852342553,C,303.69,1,319.18,1,R,6266151,0,,N,TSLA,
20190102,10:00:15.852397176,C,303.7,1,319.18,1,R,6266152,0,,N,TSLA,
20190102,10:00:15.852408748,C,289.99,1,319.18,1,R,6266153,0,,N,TSLA,
20190102,10:00:15.852434666,C,303.69,1,319.18,1,R,6266154,0,,N,TSLA,
20190102,10:00:15.878408392,P,303.75,2,304.06,1,R,6266272,0,,N,TSLA,
20190102,10:00:15.878491981,P,303.75,1,304.06,1,R,6266273,0,,N,TSLA,
20190102,10:00:15.878532882,Z,303.66,1,304.08,1,R,6266274,0,,N,TSLA,
20190102,10:00:15.878543608,K,303.69,1,304.0,3,R,6266275,0,,N,TSLA,
20190102,10:00:15.878547239,Z,303.66,1,304.08,1,R,6266276,0,,N,TSLA,
20190102,10:00:15.878567883,K,303.69,1,304.0,3,R,6266277,0,,N,TSLA,
20190102,10:00:15.878585570,P,303.75,2,304.06,1,R,6266278,0,,N,TSLA,
20190102,10:00:15.878620327,Z,303.66,1,304.06,1,R,6266279,0,,N,TSLA,
20190102,10:00:15.878654504,Z,303.66,1,304.08,1,R,6266280,0,,N,TSLA,
20190102,10:00:15.878673666,P,303.75,1,304.06,1,R,6266281,0,,N,TSLA,
20190102,10:00:15.878716101,Z,303.66,1,304.05,2,R,6266283,0,,N,TSLA,
20190102,10:00:15.878745042,Z,303.66,1,304.06,1,R,6266284,0,,N,TSLA,
20190102,10:00:15.878750076,Z,303.66,1,304.08,1,R,6266285,0,,N,TSLA,
20190102,10:00:15.878810122,Z,303.66,1,304.05,1,R,6266286,0,,N,TSLA,
20190102,10:00:15.878839281,Z,303.66,1,304.08,1,R,6266287,0,,N,TSLA,
20190102,10:00:15.878894727,Z,303.66,1,304.05,1,R,6266288,0,,N,TSLA,
20190102,10:00:15.878932455,Z,303.66,1,304.08,1,R,6266289,0,,N,TSLA,
20190102,10:00:15.878984930,Z,303.66,1,304.05,1,R,6266290,0,,N,TSLA,
20190102,10:00:15.879010231,Z,303.66,1,304.06,1,R,6266291,0,,N,TSLA,
20190102,10:00:15.879016083,Z,303.66,1,304.08,1,R,6266292,0,,N,TSLA,
20190102,10:00:15.879067390,Z,303.66,1,304.05,1,R,6266294,0,,N,TSLA,
20190102,10:00:15.879102763,Z,303.66,1,304.06,1,R,6266295,0,,N,TSLA,
20190102,10:00:15.879121224,Z,303.66,1,304.08,1,R,6266296,0,,N,TSLA,
20190102,10:00:15.879124317,K,303.69,1,304.0,3,R,6266297,0,,N,TSLA,
20190102,10:00:15.879151381,Z,303.66,1,304.05,1,R,6266298,0,,N,TSLA,
20190102,10:00:15.879172088,Z,303.66,1,304.04,2,R,6266299,0,,N,TSLA,
20190102,10:00:15.879177975,Z,303.66,1,304.05,1,R,6266300,0,,N,TSLA,
20190102,10:00:15.879202798,Z,303.66,1,304.04,1,R,6266301,0,,N,TSLA,
20190102,10:00:15.885197572,P,303.75,2,304.06,1,R,6266313,0,,N,TSLA,
20190102,10:00:15.885212715,Z,303.66,1,304.04,1,R,6266314,0,,N,TSLA,
20190102,10:00:15.885226500,K,303.69,1,304.0,3,R,6266316,0,,N,TSLA,
20190102,10:00:15.885251734,Z,303.66,1,304.03,1,R,6266317,0,,N,TSLA,
20190102,10:00:15.885294088,Z,303.66,1,304.04,1,R,6266318,0,,N,TSLA,
20190102,10:00:15.885340391,P,303.75,1,304.06,1,R,6266319,0,,N,TSLA,
20190102,10:00:15.885710267,Z,303.66,1,304.04,1,R,6266325,0,,N,TSLA,
20190102,10:00:15.885726991,Y,303.63,1,309.0,1,R,6266326,0,,N,TSLA,
20190102,10:00:15.885739187,K,303.69,1,304.0,3,R,6266328,0,,N,TSLA,
20190102,10:00:15.885826943,Z,303.66,1,304.03,1,R,6266332,0,,N,TSLA,
20190102,10:00:15.885958177,Z,303.66,1,304.02,1,R,6266342,0,,N,TSLA,
20190102,10:00:15.886072990,C,289.99,1,319.18,1,R,6266347,0,,N,TSLA,
20190102,10:00:15.886493599,V,303.69,1,303.99,1,R,6266375,0,,N,TSLA,
20190102,10:00:15.898597725,M,0.0,0,0.0,0,R,6266427,2,,N,TSLA,
20190102,10:00:15.906378988,P,303.75,1,304.06,1,R,6266459,0,,N,TSLA,
20190102,10:00:15.915699234,Z,303.66,1,304.02,1,R,6266472,0,,N,TSLA,
20190102,10:00:15.915711708,K,303.69,1,304.0,3,R,6266473,0,,N,TSLA,
20190102,10:00:15.915794224,Z,303.66,1,304.03,1,R,6266474,0,,N,TSLA,
20190102,10:00:15.915890007,Y,303.47,1,309.0,1,R,6266475,0,,N,TSLA,
20190102,10:00:15.915898974,Y,303.64,1,309.0,1,R,6266476,0,,N,TSLA,
20190102,10:00:15.915964095,Z,303.66,1,304.04,1,R,6266478,0,,N,TSLA,
20190102,10:00:15.916237376,V,303.7,1,303.99,1,R,6266480,0,,N,TSLA,
20190102,10:00:15.948008622,K,303.68,1,304.0,3,R,6266505,0,,N,TSLA,
20190102,10:00:15.948101856,K,303.67,1,304.0,3,R,6266506,0,,N,TSLA,
20190102,10:00:15.948604355,V,303.69,1,303.99,1,R,6266507,0,,N,TSLA,
20190102,10:00:15.950051321,P,303.75,2,304.06,1,R,6266508,2,,N,TSLA,
20190102,10:00:15.950166865,P,303.9,1,304.06,1,R,6266509,2,,N,TSLA,
20190102,10:00:15.950542633,P,303.75,2,304.06,1,R,6266511,2,,N,TSLA,
20190102,10:00:15.950792903,P,303.75,1,304.06,1,R,6266514,2,,N,TSLA,
20190102,10:00:15.950833255,Z,303.66,1,304.04,1,R,6266515,0,,N,TSLA,
20190102,10:00:15.950871806,K,303.67,1,304.0,3,R,6266516,0,,N,TSLA,
20190102,10:00:15.950962564,Z,303.66,1,304.03,1,R,6266517,0,,N,TSLA,
20190102,10:00:15.950997981,Z,303.66,1,304.03,1,R,6266518,0,,N,TSLA,
20190102,10:00:15.951010598,Z,303.66,1,304.03,1,R,6266519,0,,N,TSLA,
20190102,10:00:15.951016033,K,303.67,1,304.0,3,R,6266520,0,,N,TSLA,
20190102,10:00:15.951044261,Y,303.47,1,309.0,1,R,6266521,0,,N,TSLA,
20190102,10:00:15.951053739,K,303.67,1,304.0,3,R,6266522,0,,N,TSLA,
20190102,10:00:15.951083109,K,303.67,1,304.0,3,R,6266523,0,,N,TSLA,
20190102,10:00:15.951083447,Z,303.67,1,304.03,1,R,6266524,0,,N,TSLA,
20190102,10:00:15.951095884,Z,303.66,1,304.03,1,R,6266525,0,,N,TSLA,
20190102,10:00:15.951412820,V,303.7,1,303.99,1,R,6266526,0,,N,TSLA,
20190102,10:00:15.951466593,V,303.7,1,303.98,1,R,6266527,2,,N,TSLA,
20190102,10:00:15.951520140,K,303.67,1,304.0,3,R,6266528,0,,N,TSLA,
20190102,10:00:15.951570044,V,303.7,1,307.0,1,R,6266529,2,,N,TSLA,
20190102,10:00:15.952252422,V,303.7,1,303.99,1,R,6266531,0,,N,TSLA,
20190102,10:00:15.980825435,Z,303.66,1,304.03,1,R,6266787,0,,N,TSLA,
20190102,10:00:15.980841666,K,303.67,1,304.0,3,R,6266788,0,,N,TSLA,
20190102,10:00:15.980905517,Y,303.65,1,309.0,1,R,6266790,0,,N,TSLA,
20190102,10:00:15.980908743,Z,303.66,1,304.04,1,R,6266791,0,,N,TSLA,
20190102,10:00:15.981014772,Z,303.66,1,304.05,1,R,6266793,0,,N,TSLA,
20190102,10:00:15.981358428,V,303.7,1,303.98,1,R,6266799,2,,N,TSLA,
20190102,10:00:15.981394476,V,303.7,1,307.0,1,R,6266801,2,,N,TSLA,
20190102,10:00:15.982154630,V,303.7,1,303.99,1,R,6266814,0,,N,TSLA,
20190102,10:00:16.035662766,Y,303.66,1,309.0,1,R,6267065,0,,N,TSLA,
20190102,10:00:16.035928395,C,303.7,1,319.18,1,R,6267066,0,,N,TSLA,
20190102,10:00:16.079084157,Y,303.67,1,309.0,1,R,6267097,0,,N,TSLA,
20190102,10:00:16.079785493,P,303.75,1,304.06,1,R,6267098,0,,N,TSLA,
20190102,10:00:16.120735717,Z,303.84,1,304.05,1,R,6267109,2,,N,TSLA,
20190102,10:00:16.120940891,Y,303.47,1,309.0,1,R,6267110,0,,N,TSLA,
20190102,10:00:16.120952468,Y,303.68,1,309.0,1,R,6267111,0,,N,TSLA,
20190102,10:00:16.121225899,V,303.7,1,307.0,1,R,6267112,0,,N,TSLA,
20190102,10:00:16.125532301,Z,303.68,1,304.05,1,R,6267116,2,,N,TSLA,
20190102,10:00:16.184573992,Y,303.47,1,309.0,1,R,6267381,0,,N,TSLA,
20190102,10:00:16.184585541,Y,303.7,1,309.0,1,R,6267382,0,,N,TSLA,
20190102,10:00:16.184660576,Z,303.67,1,304.05,1,R,6267383,0,,N,TSLA,
20190102,10:00:16.184967698,V,303.7,1,303.99,1,R,6267385,0,,N,TSLA,
20190102,10:00:16.379012888,Z,303.85,1,304.05,1,R,6267741,2,,N,TSLA,
20190102,10:00:16.379217967,Z,303.85,1,304.06,1,R,6267742,0,,N,TSLA,
20190102,10:00:16.379296397,Z,303.85,1,304.08,1,R,6267743,0,,N,TSLA,
20190102,10:00:16.379316369,Y,303.71,1,309.0,1,R,6267744,0,,N,TSLA,
20190102,10:00:16.379504819,V,303.7,1,307.0,1,R,6267745,0,,N,TSLA,
20190102,10:00:16.396760715,Z,303.69,1,304.08,1,R,6267792,2,,N,TSLA,
20190102,10:00:16.396854595,Z,303.68,1,304.08,1,R,6267793,0,,N,TSLA,
20190102,10:00:16.397134973,C,303.71,1,319.18,1,R,6267794,0,,N,TSLA,
20190102,10:00:16.397214233,C,289.99,1,319.18,1,R,6267795,0,,N,TSLA,
20190102,10:00:16.397225832,C,303.7,1,319.18,1,R,6267796,0,,N,TSLA,
20190102,10:00:16.397293603,V,303.71,1,307.0,1,R,6267797,0,,N,TSLA,
20190102,10:00:16.402938552,P,303.93,1,304.06,1,R,6267806,2,,N,TSLA,
20190102,10:00:16.403013754,Q,303.68,3,303.99,3,R,6267807,0,,N,TSLA,
20190102,10:00:16.403377532,K,303.67,1,304.0,3,R,6267808,0,,N,TSLA,
20190102,10:00:16.403487807,K,303.68,2,304.0,3,R,6267809,0,,N,TSLA,
20190102,10:00:16.403513731,P,303.93,1,304.06,1,R,6267810,0,,N,TSLA,
20190102,10:00:16.403591880,C,303.71,1,319.18,1,R,6267811,0,,N,TSLA,
20190102,10:00:16.403926848,K,303.68,2,304.0,3,R,6267812,0,,N,TSLA,
20190102,10:00:16.404030943,K,303.69,2,304.0,3,R,6267813,0,,N,TSLA,
20190102,10:00:16.404471476,K,303.69,2,304.0,3,R,6267814,0,,N,TSLA,
20190102,10:00:16.413886268,Y,303.47,1,309.0,1,R,6267826,0,,N,TSLA,
20190102,10:00:16.413899355,Y,303.77,1,309.0,1,R,6267827,0,,N,TSLA,
20190102,10:00:16.414248575,C,289.99,1,319.18,1,R,6267828,0,,N,TSLA,
20190102,10:00:16.414259053,C,303.7,1,319.18,1,R,6267829,0,,N,TSLA,
20190102,10:00:16.414392618,V,303.7,1,307.0,1,R,6267830,0,,N,TSLA,
20190102,10:00:16.423581578,Y,303.77,1,309.0,1,R,6267843,0,,N,TSLA,
20190102,10:00:16.429477663,P,303.75,1,304.06,1,R,6267885,2,,N,TSLA,
20190102,10:00:16.429498649,Y,303.47,1,309.0,1,R,6267888,2,,N,TSLA,
20190102,10:00:16.429524557,Q,303.68,2,303.99,3,R,6267889,0,,N,TSLA,
20190102,10:00:16.429878318,K,303.69,2,304.0,3,R,6267898,0,,N,TSLA,
20190102,10:00:16.429960300,K,303.68,2,304.0,3,R,6267899,0,,N,TSLA,
20190102,10:00:16.430495631,V,303.7,1,303.99,1,R,6267900,0,,N,TSLA,
20190102,10:00:16.440029740,P,303.84,1,304.06,1,R,6267963,2,,N,TSLA,
20190102,10:00:16.440870790,V,303.7,1,304.0,1,R,6267965,0,,N,TSLA,
20190102,10:00:16.444099638,P,303.75,1,304.06,1,R,6267970,2,,N,TSLA,
20190102,10:00:16.444167537,Y,303.71,1,309.0,1,R,6267971,0,,N,TSLA,
20190102,10:00:16.444533018,C,303.71,1,319.18,1,R,6267975,0,,N,TSLA,
20190102,10:00:16.444693072,V,303.71,1,304.0,1,R,6267976,0,,N,TSLA,
20190102,10:00:16.488477759,K,303.68,1,304.0,3,R,6268424,0,,N,TSLA,
20190102,10:00:16.488567081,Y,303.47,1,309.0,1,R,6268425,0,,N,TSLA,
20190102,10:00:16.488572890,Y,303.72,1,309.0,1,R,6268426,0,,N,TSLA,
20190102,10:00:16.488842288,C,289.99,1,319.18,1,R,6268427,0,,N,TSLA,
20190102,10:00:16.488852159,C,303.7,1,319.18,1,R,6268428,0,,N,TSLA,
20190102,10:00:16.488926644,C,289.99,1,319.18,1,R,6268429,0,,N,TSLA,
20190102,10:00:16.488937047,C,303.69,1,319.18,1,R,6268430,0,,N,TSLA,
20190102,10:00:16.488986448,V,303.71,1,303.99,1,R,6268431,0,,N,TSLA,
20190102,10:00:16.489063486,V,303.7,1,303.99,1,R,6268432,0,,N,TSLA,
20190102,10:00:16.697815958,P,303.86,1,304.06,1,R,6269408,2,,N,TSLA,
20190102,10:00:16.698625388,P,303.86,1,304.06,1,R,6269417,0,,N,TSLA,
20190102,10:00:16.708329609,P,303.75,1,304.06,1,R,6269430,2,,N,TSLA,
20190102,10:00:16.715665134,P,303.83,1,304.06,1,R,6269439,2,,N,TSLA,
20190102,10:00:16.720267701,P,303.75,1,304.06,1,R,6269443,2,,N,TSLA,
20190102,10:00:16.857490771,P,303.75,1,303.99,1,R,6269704,0,,N,TSLA,
20190102,10:00:16.857527446,Y,303.47,1,309.0,1,R,6269705,0,,N,TSLA,
20190102,10:00:16.973216430,Z,303.83,1,304.08,1,R,6269948,2,,N,TSLA,
20190102,10:00:16.973330866,Y,303.68,1,309.0,1,R,6269949,0,,N,TSLA,
20190102,10:00:16.973709029,V,303.7,1,307.0,1,R,6269950,0,,N,TSLA,
20190102,10:00:16.984377300,Z,303.69,1,304.08,1,R,6269951,2,,N,TSLA,
20190102,10:00:16.984905491,V,303.7,1,303.99,1,R,6269952,0,,N,TSLA,
20190102,10:00:16.997965342,Z,303.83,1,304.08,1,R,6269986,2,,N,TSLA,
20190102,10:00:16.998448023,V,303.7,1,307.0,1,R,6269987,0,,N,TSLA,
20190102,10:00:17.002848099,Z,303.69,1,304.08,1,R,6269999,2,,N,TSLA,
20190102,10:00:17.003348616,Y,303.47,1,309.0,1,R,6270000,0,,N,TSLA,
20190102,10:00:17.003359333,Y,303.71,1,309.0,1,R,6270001,0,,N,TSLA,
20190102,10:00:17.003379810,V,303.7,1,303.99,1,R,6270002,0,,N,TSLA,
20190102,10:00:17.003432226,Z,303.68,1,304.08,1,R,6270003,0,,N,TSLA,
20190102,10:00:17.003466862,Z,303.69,2,304.08,1,R,6270004,0,,N,TSLA,
20190102,10:00:17.003646893,C,303.7,1,319.18,1,R,6270005,0,,N,TSLA,
20190102,10:00:17.003717311,C,289.99,1,319.18,1,R,6270006,0,,N,TSLA,
20190102,10:00:17.003725133,C,303.69,1,319.18,1,R,6270007,0,,N,TSLA,
20190102,10:00:17.003861914,V,303.71,1,303.99,1,R,6270008,0,,N,TSLA,
20190102,10:00:17.004345291,J,303.83,1,305.95,1,R,6270009,2,,N,TSLA,
20190102,10:00:17.004436964,Y,303.47,1,309.0,1,R,6270010,0,,N,TSLA,
20190102,10:00:17.004797223,C,303.7,1,319.18,1,R,6270011,0,,N,TSLA,
20190102,10:00:17.004933421,V,303.7,1,303.99,1,R,6270012,0,,N,TSLA,
20190102,10:00:17.041721540,Y,303.71,1,309.0,1,R,6270226,0,,N,TSLA,
20190102,10:00:17.041968032,C,289.99,1,319.18,1,R,6270227,0,,N,TSLA,
20190102,10:00:17.041977470,C,303.69,1,319.18,1,R,6270228,0,,N,TSLA,
20190102,10:00:17.042229271,V,303.71,1,303.99,1,R,6270231,0,,N,TSLA,
20190102,10:00:17.115468251,Z,303.69,1,304.08,1,R,6270828,0,,N,TSLA,
20190102,10:00:17.197721967,C,289.99,1,319.18,1,R,6271067,0,,N,TSLA,
20190102,10:00:17.197885057,V,303.7,1,303.99,1,R,6271073,0,,N,TSLA,
20190102,10:00:17.269062658,C,289.99,1,303.99,1,R,6271296,0,,N,TSLA,
20190102,10:00:17.344871457,C,289.99,1,303.99,2,R,6271674,0,,N,TSLA,
20190102,10:00:17.346625681,V,303.7,1,303.99,2,R,6271730,0,,N,TSLA,
20190102,10:00:17.438788116,C,289.99,1,303.99,1,R,6272213,0,,N,TSLA,
20190102,10:00:17.546720665,V,0.0,0,303.99,2,R,6272440,0,,N,TSLA,
20190102,10:00:17.599669491,Q,303.68,2,303.88,2,R,6272478,2,,N,TSLA,
20190102,10:00:17.599777230,Q,303.68,2,303.88,3,R,6272479,2,,N,TSLA,
20190102,10:00:17.600045511,Y,303.47,1,309.0,1,R,6272480,0,,N,TSLA,
20190102,10:00:17.600131491,Z,303.68,1,304.08,1,R,6272481,0,,N,TSLA,
20190102,10:00:17.600409332,P,303.75,1,303.99,1,R,6272482,0,,N,TSLA,
20190102,10:00:17.600580045,J,303.4,1,305.95,1,R,6272483,2,,N,TSLA,
20190102,10:00:17.604500462,P,303.76,1,303.99,1,R,6272484,2,,N,TSLA,
20190102,10:00:17.609206762,P,303.75,1,303.99,1,R,6272485,2,,N,TSLA,
20190102,10:00:17.609259023,Y,303.6,1,309.0,1,R,6272486,0,,N,TSLA,
20190102,10:00:17.643310575,Y,303.47,1,309.0,1,R,6272528,0,,N,TSLA,
20190102,10:00:17.643323491,Y,303.62,1,309.0,1,R,6272529,0,,N,TSLA,
20190102,10:00:17.851793506,P,303.75,1,304.06,1,R,6273134,0,,N,TSLA,
20190102,10:00:17.851968072,K,303.68,1,303.88,1,R,6273135,0,,N,TSLA,
20190102,10:00:17.852532072,P,303.75,1,304.06,1,R,6273138,0,,N,TSLA,
20190102,10:00:17.862872700,P,303.77,1,304.06,1,R,6273192,2,,N,TSLA,
20190102,10:00:17.862918260,Y,303.47,1,309.0,1,R,6273193,0,,N,TSLA,
20190102,10:00:17.873459680,P,303.75,1,304.06,1,R,6273207,2,,N,TSLA,
20190102,10:00:17.873510880,Y,303.59,1,309.0,1,R,6273208,0,,N,TSLA,
20190102,10:00:17.882996927,Q,303.68,2,303.88,4,R,6273248,2,,N,TSLA,
20190102,10:00:17.978540217,P,303.75,1,304.0,1,R,6273358,0,,N,TSLA,
20190102,10:00:18.006747467,Z,303.75,1,304.08,1,R,6273376,0,,N,TSLA,
20190102,10:00:18.006848023,Y,303.47,1,309.0,1,R,6273377,0,,N,TSLA,
20190102,10:00:18.006857813,Y,303.61,1,309.0,1,R,6273378,0,,N,TSLA,
20190102,10:00:18.139681038,Z,303.68,1,304.08,1,R,6273702,0,,N,TSLA,
20190102,10:00:18.139967124,M,0.0,0,303.87,1,Y,6273757,2,,N,TSLA,
20190102,10:00:18.140316296,Y,303.47,1,309.0,1,R,6273791,0,,N,TSLA,
20190102,10:00:18.140993938,P,303.75,1,304.0,1,R,6273808,0,,N,TSLA,
20190102,10:00:18.150176129,Z,303.68,1,304.0,1,R,6273960,0,,N,TSLA,
20190102,10:00:18.150272531,Z,303.68,1,303.99,2,R,6273962,0,,N,TSLA,
20190102,10:00:18.150284275,Y,303.59,1,309.0,1,R,6273963,0,,N,TSLA,
20190102,10:00:18.166179219,Z,303.68,1,303.99,2,R,6274141,0,,N,TSLA,
20190102,10:00:18.166507595,Q,303.68,2,303.88,5,R,6274147,0,,N,TSLA,
20190102,10:00:18.166524229,Q,303.68,2,303.88,4,R,6274148,0,,N,TSLA,
20190102,10:00:18.166589906,P,303.75,2,304.0,1,R,6274149,2,,N,TSLA,
20190102,10:00:18.166647416,Y,303.47,1,309.0,1,R,6274150,0,,N,TSLA,
20190102,10:00:18.166665091,P,303.75,1,304.0,1,R,6274151,2,,N,TSLA,
20190102,10:00:18.166680592,Z,303.68,1,303.99,2,R,6274152,0,,N,TSLA,
20190102,10:00:18.166698535,K,303.68,1,303.88,1,R,6274153,0,,N,TSLA,
20190102,10:00:18.166722473,K,303.68,1,303.88,1,R,6274155,0,,N,TSLA,
20190102,10:00:18.166723144,Z,303.68,1,303.99,2,R,6274156,0,,N,TSLA,
20190102,10:00:18.166790281,Z,303.65,1,303.99,2,R,6274157,0,,N,TSLA,
20190102,10:00:18.166817705,K,303.65,1,303.88,1,R,6274158,0,,N,TSLA,
20190102,10:00:18.166825862,Z,303.65,1,303.98,1,R,6274160,0,,N,TSLA,
20190102,10:00:18.166848546,Z,303.65,1,303.99,2,R,6274161,0,,N,TSLA,
20190102,10:00:18.166882261,Z,303.54,1,303.99,2,R,6274162,0,,N,TSLA,
20190102,10:00:18.166892972,K,303.45,1,303.88,1,R,6274164,0,,N,TSLA,
20190102,10:00:18.166903809,Z,303.54,1,303.98,1,R,6274165,0,,N,TSLA,
20190102,10:00:18.166932153,Z,303.63,1,303.98,1,R,6274166,0,,N,TSLA,
20190102,10:00:18.166937639,Z,303.54,1,303.98,1,R,6274168,0,,N,TSLA,
20190102,10:00:18.166968395,Z,303.55,2,303.98,1,R,6274169,0,,N,TSLA,
20190102,10:00:18.167002923,K,303.56,1,303.88,1,R,6274170,0,,N,TSLA,
20190102,10:00:18.167028338,K,303.45,1,303.88,1,R,6274171,0,,N,TSLA,
20190102,10:00:18.167030336,P,303.75,2,304.0,1,R,6274172,2,,N,TSLA,
20190102,10:00:18.167067769,K,303.52,1,303.88,1,R,6274173,0,,N,TSLA,
20190102,10:00:18.167105901,K,303.52,1,303.88,1,R,6274174,0,,N,TSLA,
20190102,10:00:18.167155506,K,303.57,2,303.88,1,R,6274175,0,,N,TSLA,
20190102,10:00:18.167199054,K,303.52,1,303.88,1,R,6274176,0,,N,TSLA,
20190102,10:00:18.167267232,K,303.58,2,303.88,1,R,6274177,0,,N,TSLA,
20190102,10:00:18.167322524,K,303.57,1,303.88,1,R,6274178,0,,N,TSLA,
20190102,10:00:18.167365694,K,303.52,1,303.88,1,R,6274179,0,,N,TSLA,
20190102,10:00:18.167404244,K,303.59,2,303.88,1,R,6274180,0,,N,TSLA,
20190102,10:00:18.167419093,K,303.58,1,303.88,1,R,6274181,0,,N,TSLA,
20190102,10:00:18.167454134,K,303.57,1,303.88,1,R,6274182,0,,N,TSLA,
20190102,10:00:18.167464824,K,303.52,1,303.88,1,R,6274183,0,,N,TSLA,
20190102,10:00:18.167512845,K,303.6,2,303.88,1,R,6274184,0,,N,TSLA,
20190102,10:00:18.167568837,K,303.58,1,303.88,1,R,6274185,0,,N,TSLA,
20190102,10:00:18.167586024,K,303.52,1,303.88,1,R,6274186,0,,N,TSLA,
20190102,10:00:18.167609318,K,303.61,2,303.88,1,R,6274187,0,,N,TSLA,
20190102,10:00:18.167659339,K,303.59,1,303.88,1,R,6274188,0,,N,TSLA,
20190102,10:00:18.167668654,K,303.52,1,303.88,1,R,6274189,0,,N,TSLA,
20190102,10:00:18.167730199,K,303.56,1,303.88,1,R,6274190,0,,N,TSLA,
20190102,10:00:18.167753826,K,303.6,1,303.88,1,R,6274191,0,,N,TSLA,
20190102,10:00:18.167799710,K,303.56,1,303.88,1,R,6274192,0,,N,TSLA,
20190102,10:00:18.167818467,K,303.52,1,303.88,1,R,6274193,0,,N,TSLA,
20190102,10:00:18.167859038,K,303.61,2,303.88,1,R,6274194,0,,N,TSLA,
20190102,10:00:18.167882663,K,303.52,1,303.88,1,R,6274195,0,,N,TSLA,
20190102,10:00:18.176860227,M,0.0,0,0.0,0,R,6274203,2,,N,TSLA,
20190102,10:00:18.196754140,Z,303.55,2,303.98,1,R,6274312,0,,N,TSLA,
20190102,10:00:18.196768634,K,303.52,1,303.88,1,R,6274313,0,,N,TSLA,
20190102,10:00:18.196827029,Y,303.56,1,309.0,1,R,6274314,0,,N,TSLA,
20190102,10:00:18.242123764,Z,303.55,1,303.98,1,R,6274424,0,,N,TSLA,
20190102,10:00:18.242234201,Y,303.57,1,309.0,1,R,6274425,0,,N,TSLA,
20190102,10:00:18.324650742,M,303.76,1,0.0,0,Y,6274622,2,,N,TSLA,
20190102,10:00:18.343453048,Y,303.47,1,309.0,1,R,6274650,0,,N,TSLA,
20190102,10:00:18.343465233,Y,303.58,1,309.0,1,R,6274651,0,,N,TSLA,
20190102,10:00:18.344121646,P,303.75,2,304.0,1,R,6274652,0,,N,TSLA,
20190102,10:00:18.349420778,M,0.0,0,0.0,0,R,6274656,2,,N,TSLA,
20190102,10:00:18.408839183,Z,303.55,1,303.98,1,R,6274869,0,,N,TSLA,
20190102,10:00:18.408945662,Z,303.55,1,303.98,1,R,6274870,0,,N,TSLA,
20190102,10:00:18.408987911,Z,303.55,1,303.98,1,R,6274871,0,,N,TSLA,
20190102,10:00:18.409012035,Z,303.59,1,303.98,1,R,6274872,0,,N,TSLA,
20190102,10:00:18.409047393,Y,303.47,1,309.0,1,R,6274873,0,,N,TSLA,
20190102,10:00:18.409058102,Y,303.6,1,309.0,1,R,6274874,0,,N,TSLA,
20190102,10:00:18.409073039,Z,303.58,1,303.98,1,R,6274875,0,,N,TSLA,
20190102,10:00:18.409088514,Y,303.47,1,309.0,1,R,6274876,0,,N,TSLA,
20190102,10:00:18.409095578,Z,303.55,1,303.98,1,R,6274877,0,,N,TSLA,
20190102,10:00:18.409111668,Z,303.58,1,303.98,1,R,6274878,0,,N,TSLA,
20190102,10:00:18.409122270,K,303.52,1,303.88,1,R,6274879,0,,N,TSLA,
20190102,10:00:18.409131914,K,303.52,1,303.88,1,R,6274880,0,,N,TSLA,
20190102,10:00:18.409133783,Z,303.59,2,303.98,1,R,6274881,0,,N,TSLA,
20190102,10:00:18.409141111,Z,303.6,2,303.98,1,R,6274882,0,,N,TSLA,
20190102,10:00:18.409154880,Z,303.58,1,303.98,1,R,6274883,0,,N,TSLA,
20190102,10:00:18.409182530,Z,303.56,1,303.98,1,R,6274884,0,,N,TSLA,
20190102,10:00:18.409210463,Z,303.58,2,303.98,1,R,6274885,0,,N,TSLA,
20190102,10:00:18.409236050,Z,303.61,2,303.98,1,R,6274886,0,,N,TSLA,
20190102,10:00:18.409260929,Z,303.59,1,303.98,1,R,6274887,0,,N,TSLA,
20190102,10:00:18.409276417,Z,303.56,1,303.98,1,R,6274888,0,,N,TSLA,
20190102,10:00:18.409291957,K,303.52,1,303.88,1,R,6274889,0,,N,TSLA,
20190102,10:00:18.409335002,Z,303.61,1,303.98,1,R,6274890,0,,N,TSLA,
20190102,10:00:18.409347355,Z,303.56,1,303.98,1,R,6274891,0,,N,TSLA,
20190102,10:00:18.409406911,K,303.53,1,303.88,1,R,6274892,0,,N,TSLA,
20190102,10:00:18.753244271,Z,303.56,1,303.88,1,R,6275338,0,,N,TSLA,
20190102,10:00:18.753372252,Y,303.57,1,309.0,1,R,6275339,0,,N,TSLA,
20190102,10:00:18.864526006,Q,303.68,2,303.88,3,R,6275876,2,,N,TSLA,
20190102,10:00:18.864900322,Y,303.58,1,309.0,1,R,6275877,0,,N,TSLA,
20190102,10:00:18.882282004,P,303.75,2,304.0,1,R,6275930,0,,N,TSLA,
20190102,10:00:18.882337724,Y,293.03,1,309.0,1,R,6275931,0,,N,TSLA,
20190102,10:00:18.882354805,P,303.75,1,304.0,1,R,6275932,2,,N,TSLA,
20190102,10:00:18.882357452,Z,303.56,1,303.88,1,R,6275933,0,,N,TSLA,
20190102,10:00:18.882377233,K,303.53,1,303.88,1,R,6275934,0,,N,TSLA,
20190102,10:00:18.882393770,K,303.53,1,303.88,1,R,6275935,0,,N,TSLA,
20190102,10:00:18.882604255,M,0.0,0,303.87,1,Y,6275936,2,,N,TSLA,
20190102,10:00:18.883353096,P,303.75,1,304.0,1,R,6275937,0,,N,TSLA,
20190102,10:00:18.911261135,M,0.0,0,0.0,0,R,6276154,2,,N,TSLA,
20190102,10:00:19.408412808,P,303.75,1,304.0,1,R,6277192,0,,N,TSLA,
20190102,10:00:19.535660934,P,303.75,2,304.0,1,R,6277407,2,,N,TSLA,
20190102,10:00:19.535718582,Z,303.56,1,303.88,1,R,6277408,0,,N,TSLA,
20190102,10:00:19.535732794,Z,303.56,1,303.88,1,R,6277409,0,,N,TSLA,
20190102,10:00:19.535747826,K,303.53,1,303.88,1,R,6277410,0,,N,TSLA,
20190102,10:00:19.535757667,K,303.53,1,303.88,1,R,6277411,0,,N,TSLA,
20190102,10:00:19.535758605,Y,303.49,1,309.0,1,R,6277412,0,,N,TSLA,
20190102,10:00:19.535952836,M,0.0,0,303.87,1,Y,6277413,2,,N,TSLA,
20190102,10:00:19.536701286,P,303.75,2,304.0,1,R,6277414,0,,N,TSLA,
20190102,10:00:19.548094770,P,303.75,2,304.0,1,R,6277419,0,,N,TSLA,
20190102,10:00:19.560407395,M,0.0,0,0.0,0,R,6277426,2,,N,TSLA,
20190102,10:00:19.574858438,Y,303.75,1,309.0,1,R,6277433,0,,N,TSLA,
20190102,10:00:19.628396170,M,303.76,1,0.0,0,Y,6277475,2,,N,TSLA,
20190102,10:00:19.667153037,M,0.0,0,0.0,0,R,6277494,2,,N,TSLA,
20190102,10:00:19.914710995,P,303.75,2,304.0,1,R,6277939,0,,N,TSLA,
20190102,10:00:19.940390862,K,303.53,1,303.88,1,R,6277993,0,,N,TSLA,
20190102,10:00:19.940508439,K,303.54,1,303.88,1,R,6277994,0,,N,TSLA,
20190102,10:00:20.055784236,Y,303.75,1,304.0,1,R,6278192,0,,N,TSLA,
20190102,10:00:20.832731385,Q,303.68,2,303.88,4,R,6282501,2,,N,TSLA,
20190102,10:00:20.833070463,Y,303.75,1,309.0,1,R,6282512,0,,N,TSLA,
20190102,10:00:20.833080413,Y,303.75,1,303.98,1,R,6282513,0,,N,TSLA,
20190102,10:00:21.003305818,M,303.76,1,0.0,0,Y,6283147,2,,N,TSLA,
20190102,10:00:21.035284861,M,0.0,0,0.0,0,R,6283288,2,,N,TSLA,
20190102,10:00:21.270806890,V,0.0,0,303.87,1,R,6284367,2,,N,TSLA,
20190102,10:00:21.274626658,P,303.75,2,304.0,1,R,6284657,0,,N,TSLA,
20190102,10:00:21.913172417,P,303.75,2,304.0,1,R,6289544,0,,N,TSLA,
20190102,10:00:22.081745883,V,0.0,0,303.88,1,R,6289976,2,,N,TSLA,
20190102,10:00:22.082690472,P,303.75,2,304.0,1,R,6289977,0,,N,TSLA,
20190102,10:00:22.093922083,Q,303.68,2,303.88,5,R,6290001,2,,N,TSLA,
20190102,10:00:22.094083128,Z,303.56,1,303.88,2,R,6290002,0,,N,TSLA,
20190102,10:00:22.094211778,Y,303.75,1,303.96,1,R,6290003,0,,N,TSLA,
20190102,10:00:22.094606522,V,0.0,0,303.87,1,R,6290004,2,,N,TSLA,
20190102,10:00:22.094715661,V,0.0,0,303.99,1,R,6290005,2,,N,TSLA,
20190102,10:00:22.095394371,V,0.0,0,303.88,1,R,6290010,0,,N,TSLA,
20190102,10:00:22.309183328,V,0.0,0,303.99,1,R,6290570,0,,N,TSLA,
20190102,10:00:22.427181363,K,303.54,1,303.88,1,R,6290832,0,,N,TSLA,
20190102,10:00:22.427319063,K,303.66,1,303.88,1,R,6290833,0,,N,TSLA,
20190102,10:00:22.427438548,K,303.67,1,303.88,1,R,6290834,0,,N,TSLA,
20190102,10:00:22.427948414,P,303.75,2,304.0,1,R,6290835,0,,N,TSLA,
20190102,10:00:22.712369879,M,303.76,1,0.0,0,Y,6291545,2,,N,TSLA,
20190102,10:00:22.712735931,K,303.68,1,303.88,1,R,6291546,0,,N,TSLA,
20190102,10:00:22.725381883,K,303.69,1,303.88,1,R,6291552,0,,N,TSLA,
20190102,10:00:22.733182152,M,0.0,0,0.0,0,R,6291557,2,,N,TSLA,
20190102,10:00:23.116886025,Q,303.75,1,303.88,5,R,6292772,0,,N,TSLA,
20190102,10:00:23.117221288,Y,303.75,1,309.0,1,R,6292773,0,,N,TSLA,
20190102,10:00:23.117247354,K,303.7,1,303.88,1,R,6292774,0,,N,TSLA,
20190102,10:00:23.170992147,Y,303.75,1,303.99,1,R,6292815,0,,N,TSLA,
20190102,10:00:23.201868462,X,303.71,2,304.85,1,R,6292952,0,,N,TSLA,
20190102,10:00:23.201897302,X,302.94,1,304.85,1,R,6292953,0,,N,TSLA,
20190102,10:00:23.202310271,Z,303.71,1,303.88,2,R,6292955,0,,N,TSLA,
20190102,10:00:23.202537677,Z,303.7,1,303.88,2,R,6292956,0,,N,TSLA,
20190102,10:00:23.202649795,K,303.71,1,303.88,1,R,6292957,0,,N,TSLA,
20190102,10:00:23.222320228,K,303.7,1,303.88,1,R,6293057,0,,N,TSLA,
20190102,10:00:23.312285499,M,0.0,0,303.87,1,Y,6293624,2,,N,TSLA,
20190102,10:00:23.313037947,P,303.75,2,304.0,1,R,6293626,0,,N,TSLA,
20190102,10:00:23.331623997,Y,303.75,1,303.98,1,R,6293651,0,,N,TSLA,
20190102,10:00:23.337092640,M,0.0,0,0.0,0,R,6293668,2,,N,TSLA,
20190102,10:00:23.438624062,K,303.69,1,303.88,1,R,6293783,0,,N,TSLA,
20190102,10:00:23.438730742,Y,303.75,1,309.0,1,R,6293790,0,,N,TSLA,
20190102,10:00:23.438744908,Y,303.75,1,303.97,1,R,6293791,0,,N,TSLA,
20190102,10:00:23.438824979,Z,303.68,1,303.88,2,R,6293800,0,,N,TSLA,
20190102,10:00:23.582340801,M,303.76,1,0.0,0,Y,6293974,2,,N,TSLA,
20190102,10:00:23.583391863,P,303.75,2,304.0,1,R,6293976,0,,N,TSLA,
20190102,10:00:23.604030094,M,0.0,0,0.0,0,R,6293986,2,,N,TSLA,
20190102,10:00:24.218851490,K,303.67,1,303.88,1,R,6295850,0,,N,TSLA,
20190102,10:00:24.275316266,K,303.68,1,303.88,1,R,6296037,0,,N,TSLA,
20190102,10:00:24.345752380,M,303.76,1,0.0,0,Y,6296242,2,,N,TSLA,
20190102,10:00:24.356667884,K,303.69,1,303.88,1,R,6296274,0,,N,TSLA,
20190102,10:00:24.384447033,M,0.0,0,0.0,0,R,6296511,2,,N,TSLA,
20190102,10:00:24.428709454,K,303.7,1,303.88,1,R,6296779,0,,N,TSLA,
20190102,10:00:24.720400722,K,303.71,1,303.88,1,R,6297538,0,,N,TSLA,
20190102,10:00:24.800569389,K,303.72,1,303.88,1,R,6297812,0,,N,TSLA,
20190102,10:00:24.909872170,K,303.73,1,303.88,1,R,6298010,0,,N,TSLA,
20190102,10:00:24.910102328,K,303.74,1,303.88,1,R,6298060,0,,N,TSLA,
20190102,10:00:24.910338503,Y,303.75,1,309.0,1,R,6298100,0,,N,TSLA,
20190102,10:00:24.910458565,K,303.75,1,303.88,1,R,6298117,0,,N,TSLA,
20190102,10:00:24.910643126,K,303.76,2,303.88,1,R,6298147,2,,N,TSLA,
20190102,10:00:24.911071736,Q,303.76,1,303.88,5,R,6298191,0,,N,TSLA,
20190102,10:00:24.911235400,V,0.0,0,307.0,1,R,6298207,0,,N,TSLA,
20190102,10:00:24.917192773,Y,303.75,1,309.0,1,R,6298354,0,,N,TSLA,
20190102,10:00:24.964844513,Y,303.75,1,304.0,1,R,6298625,0,,N,TSLA,
20190102,10:00:24.994759842,K,303.76,2,303.97,1,R,6298709,0,,N,TSLA,
20190102,10:00:24.994853703,K,303.76,2,304.0,3,R,6298710,0,,N,TSLA,
20190102,10:00:24.994954122,K,303.75,1,304.0,3,R,6298712,2,,N,TSLA,
20190102,10:00:24.994985642,K,303.75,1,303.99,2,R,6298713,0,,N,TSLA,
20190102,10:00:24.995080189,Y,303.75,1,309.0,1,R,6298714,0,,N,TSLA,
20190102,10:00:24.995087127,Y,303.75,1,303.98,1,R,6298715,0,,N,TSLA,
20190102,10:00:24.995198169,Q,303.68,2,303.88,5,R,6298716,2,,N,TSLA,
20190102,10:00:24.995310656,X,303.46,1,304.85,1,R,6298717,0,,N,TSLA,
20190102,10:00:24.995520629,K,303.74,1,303.99,2,R,6298719,0,,N,TSLA,
20190102,10:00:24.995606578,K,303.72,1,303.99,2,R,6298721,0,,N,TSLA,
20190102,10:00:24.995885408,Q,303.75,1,303.88,5,R,6298722,0,,N,TSLA,
20190102,10:00:24.999535618,P,303.75,2,303.88,1,R,6298729,0,,N,TSLA,
20190102,10:00:25.110514949,K,303.72,1,303.99,1,R,6299173,0,,N,TSLA,
20190102,10:00:25.110616338,Y,303.75,1,303.97,1,R,6299174,0,,N,TSLA,
20190102,10:00:25.180845015,P,303.79,1,303.88,1,R,6299477,2,,N,TSLA,
20190102,10:00:25.180917852,K,303.73,1,303.99,1,R,6299478,0,,N,TSLA,
20190102,10:00:25.181004644,Q,303.79,1,303.88,5,R,6299479,0,,N,TSLA,
20190102,10:00:25.181028315,K,303.74,1,303.99,1,R,6299480,0,,N,TSLA,
20190102,10:00:25.181137643,K,303.75,1,303.99,1,R,6299481,0,,N,TSLA,
20190102,10:00:25.181250676,K,303.76,2,303.99,1,R,6299482,0,,N,TSLA,
20190102,10:00:25.181748104,X,302.94,1,304.85,1,R,6299483,0,,N,TSLA,
20190102,10:00:25.192090052,P,303.75,2,303.88,1,R,6299502,2,,N,TSLA,
20190102,10:00:25.192146922,Y,303.75,1,303.96,1,R,6299503,0,,N,TSLA,
20190102,10:00:25.192225043,Q,303.68,2,303.88,5,R,6299504,2,,N,TSLA,
20190102,10:00:25.192484319,X,303.46,1,304.85,1,R,6299508,0,,N,TSLA,
20190102,10:00:25.192555472,K,303.75,1,303.99,1,R,6299511,2,,N,TSLA,
20190102,10:00:25.192643900,K,303.74,1,303.99,1,R,6299512,0,,N,TSLA,
20190102,10:00:25.192722924,K,303.72,1,303.99,1,R,6299513,0,,N,TSLA,
20190102,10:00:25.192805834,K,303.71,1,303.99,1,R,6299514,0,,N,TSLA,
20190102,10:00:25.192857620,Q,303.75,1,303.88,5,R,6299515,0,,N,TSLA,
20190102,10:00:25.204295139,P,303.75,4,303.88,1,R,6299526,2,,N,TSLA,
20190102,10:00:25.204362798,K,303.72,1,303.99,1,R,6299527,0,,N,TSLA,
20190102,10:00:25.254028296,K,303.73,1,303.99,1,R,6299600,0,,N,TSLA,
20190102,10:00:25.267277090,K,303.74,1,303.99,1,R,6299665,0,,N,TSLA,
20190102,10:00:25.320944702,K,303.75,1,303.99,1,R,6299788,0,,N,TSLA,
20190102,10:00:25.321066073,K,303.76,2,303.99,1,R,6299789,2,,N,TSLA,
20190102,10:00:25.321109734,M,303.76,1,0.0,0,Y,6299790,0,,N,TSLA,
20190102,10:00:25.321350009,Q,303.76,1,303.88,5,R,6299791,0,,N,TSLA,
20190102,10:00:25.321378532,X,302.94,1,304.85,1,R,6299792,0,,N,TSLA,
20190102,10:00:25.321673850,Y,303.75,1,309.0,1,R,6299793,0,,N,TSLA,
20190102,10:00:25.329912625,P,303.75,2,303.88,1,R,6299804,0,,N,TSLA,
20190102,10:00:25.329958962,Y,303.75,1,303.97,1,R,6299805,0,,N,TSLA,
20190102,10:00:25.330133310,X,303.46,1,304.85,1,R,6299806,0,,N,TSLA,
20190102,10:00:25.363505314,M,0.0,0,0.0,0,R,6299829,0,,N,TSLA,
20190102,10:00:25.410587858,K,303.76,1,303.99,1,R,6300114,2,,N,TSLA,
20190102,10:00:25.410698299,Y,303.75,1,303.96,1,R,6300115,0,,N,TSLA,
20190102,10:00:25.483491697,Y,303.75,1,303.95,1,R,6300277,0,,N,TSLA,
20190102,10:00:26.258813090,Q,303.68,2,303.88,5,R,6301990,0,,N,TSLA,
20190102,10:00:26.259152697,K,303.75,1,303.99,1,R,6301991,2,,N,TSLA,
20190102,10:00:26.259170103,Y,303.75,1,303.93,1,R,6301992,0,,N,TSLA,
20190102,10:00:26.259257943,K,303.74,1,303.99,1,R,6301994,0,,N,TSLA,
20190102,10:00:26.259268447,K,303.7,1,303.99,1,R,6301995,0,,N,TSLA,
20190102,10:00:26.259292194,K,303.71,1,303.99,1,R,6301996,0,,N,TSLA,
20190102,10:00:26.259353088,K,303.7,2,303.99,1,R,6301997,0,,N,TSLA,
20190102,10:00:26.259645604,V,303.76,1,307.0,1,R,6301998,2,,N,TSLA,
20190102,10:00:26.260691462,Q,303.81,1,303.88,5,R,6302000,4,,N,TSLA,
20190102,10:00:26.260736319,Q,303.68,2,303.88,5,R,6302001,2,,N,TSLA,
20190102,10:00:26.261103184,Z,303.68,1,303.88,2,R,6302002,0,,N,TSLA,
20190102,10:00:26.261127326,Y,303.75,1,309.0,1,R,6302003,0,,N,TSLA,
20190102,10:00:26.261144389,K,303.7,2,303.99,1,R,6302004,0,,N,TSLA,
20190102,10:00:26.261292496,K,303.7,2,303.94,1,R,6302005,0,,N,TSLA,
20190102,10:00:26.291056499,Z,303.68,1,303.88,2,R,6302485,0,,N,TSLA,
20190102,10:00:26.291068927,K,303.7,2,303.94,1,R,6302486,0,,N,TSLA,
20190102,10:00:26.291126239,Y,303.75,1,303.93,1,R,6302488,0,,N,TSLA,
20190102,10:00:26.291133618,K,303.7,2,303.93,1,R,6302489,0,,N,TSLA,
20190102,10:00:26.291153978,K,303.7,2,303.94,1,R,6302490,0,,N,TSLA,
20190102,10:00:27.165263335,Q,303.68,2,303.88,6,R,6304706,2,,N,TSLA,
20190102,10:00:27.165326354,X,302.94,1,304.85,1,R,6304707,0,,N,TSLA,
20190102,10:00:27.165608798,Y,303.75,1,309.0,1,R,6304708,0,,N,TSLA,
20190102,10:00:27.165614648,Y,303.75,1,303.92,1,R,6304709,0,,N,TSLA,
20190102,10:00:27.240178315,Y,303.75,1,309.0,1,R,6304760,0,,N,TSLA,
20190102,10:00:27.240191877,Z,303.68,1,303.88,2,R,6304761,0,,N,TSLA,
20190102,10:00:27.240214056,K,303.7,2,303.95,1,R,6304762,0,,N,TSLA,
20190102,10:00:27.240230554,K,303.7,2,304.0,3,R,6304763,0,,N,TSLA,
20190102,10:00:27.240332507,Z,303.71,1,303.88,2,R,6304764,0,,N,TSLA,
20190102,10:00:27.240346002,Z,303.76,1,303.88,2,R,6304765,0,,N,TSLA,
20190102,10:00:27.240397676,K,303.75,1,303.96,1,R,6304766,0,,N,TSLA,
20190102,10:00:27.240415846,M,303.76,1,0.0,0,Y,6304767,0,,N,TSLA,
20190102,10:00:27.240418495,K,303.76,1,304.0,3,R,6304768,0,,N,TSLA,
20190102,10:00:27.240444482,Q,303.68,2,303.88,4,R,6304769,2,,N,TSLA,
20190102,10:00:27.240450359,Q,303.68,2,303.88,3,R,6304770,2,,N,TSLA,
20190102,10:00:27.240450536,Q,303.68,2,303.88,2,R,6304771,2,,N,TSLA,
20190102,10:00:27.240450721,Q,303.68,2,303.88,1,R,6304772,2,,N,TSLA,
20190102,10:00:27.240461112,K,303.76,1,303.99,2,R,6304773,0,,N,TSLA,
20190102,10:00:27.240478755,Q,303.68,2,303.99,2,R,6304774,0,,N,TSLA,
20190102,10:00:27.240491711,Z,303.76,1,303.95,1,R,6304775,2,,N,TSLA,
20190102,10:00:27.240718626,P,303.75,2,303.88,1,R,6304776,0,,N,TSLA,
20190102,10:00:27.240780127,Z,303.76,1,303.95,1,R,6304777,0,,N,TSLA,
20190102,10:00:27.240831801,Z,303.78,1,303.95,1,R,6304778,2,,N,TSLA,
20190102,10:00:27.240897005,Z,303.78,1,303.95,1,R,6304779,0,,N,TSLA,
20190102,10:00:27.240932792,K,303.76,1,303.99,2,R,6304780,0,,N,TSLA,
20190102,10:00:27.241022533,K,303.77,1,303.99,2,R,6304781,0,,N,TSLA,
20190102,10:00:27.241040665,P,303.75,2,303.88,1,R,6304782,0,,N,TSLA,
20190102,10:00:27.241056486,C,289.99,1,319.18,1,R,6304783,0,,N,TSLA,
20190102,10:00:27.241063590,P,303.75,2,304.0,1,R,6304784,2,,N,TSLA,
20190102,10:00:27.241097639,Z,303.78,1,303.95,1,R,6304785,0,,N,TSLA,
20190102,10:00:27.241116080,Z,303.78,2,303.95,1,R,6304786,4,,N,TSLA,
20190102,10:00:27.241146577,K,303.78,1,303.99,2,R,6304787,0,,N,TSLA,
20190102,10:00:27.241163332,K,303.78,1,304.0,3,R,6304788,0,,N,TSLA,
20190102,10:00:27.241257588,Z,303.79,1,303.95,1,R,6304789,4,,N,TSLA,
20190102,10:00:27.241269787,K,303.79,1,304.0,3,R,6304790,0,,N,TSLA,
20190102,10:00:27.241524606,Z,303.79,1,304.0,1,R,6304791,2,,N,TSLA,
20190102,10:00:27.241767044,M,303.76,1,303.98,1,R,6304793,2,,N,TSLA,
20190102,10:00:27.242045829,Q,303.68,2,303.99,1,R,6304794,0,,N,TSLA,
20190102,10:00:27.243333479,Y,303.75,1,309.0,1,R,6304795,0,,N,TSLA,
20190102,10:00:27.243500739,Q,303.68,2,303.98,1,R,6304796,0,,N,TSLA,
20190102,10:00:27.245902098,N,303.88,1,305.41,1,R,6304797,2,,N,TSLA,
20190102,10:00:27.245962550,Y,303.75,1,304.02,1,R,6304798,0,,N,TSLA,
20190102,10:00:27.247136171,V,0.0,0,307.0,1,R,6304799,0,,N,TSLA,
20190102,10:00:27.248286721,C,303.88,1,319.18,1,R,6304801,0,,N,TSLA,
20190102,10:00:27.256947113,N,289.99,1,305.41,1,R,6304824,2,,N,TSLA,
20190102,10:00:27.258343274,Q,303.79,1,303.98,1,R,6304826,0,,N,TSLA,
20190102,10:00:27.266646704,Z,303.83,1,304.0,1,R,6304836,0,,N,TSLA,
20190102,10:00:27.266763167,K,303.8,1,304.0,3,R,6304837,0,,N,TSLA,
20190102,10:00:27.266867272,M,0.0,0,303.98,1,Y,6304838,2,,N,TSLA,
20190102,10:00:27.266949422,M,0.0,0,0.0,0,R,6304839,0,,N,TSLA,
20190102,10:00:27.270884556,K,303.8,1,304.0,3,R,6304847,0,,N,TSLA,
20190102,10:00:27.283125497,K,303.79,1,304.0,3,R,6304916,0,,N,TSLA,
20190102,10:00:27.342241184,Q,303.79,1,303.98,2,R,6305078,2,,N,TSLA,
20190102,10:00:27.587029981,Y,293.03,1,304.02,1,R,6305571,0,,N,TSLA,
20190102,10:00:27.648807285,V,303.78,1,307.0,1,R,6305599,0,,N,TSLA,
20190102,10:00:27.764188953,Y,293.03,1,304.02,1,R,6305775,0,,N,TSLA,
20190102,10:00:27.764276655,Y,293.03,1,309.0,1,R,6305776,0,,N,TSLA,
20190102,10:00:27.764311727,M,303.84,1,0.0,0,Y,6305777,0,,N,TSLA,
20190102,10:00:27.764518533,Y,293.03,1,309.0,1,R,6305778,0,,N,TSLA,
20190102,10:00:27.764622388,K,303.78,1,304.0,3,R,6305779,0,,N,TSLA,
20190102,10:00:27.764714227,K,303.77,1,304.0,3,R,6305780,0,,N,TSLA,
20190102,10:00:27.764772101,P,303.75,2,304.0,1,R,6305781,0,,N,TSLA,
20190102,10:00:27.764795687,K,303.7,1,304.0,3,R,6305782,0,,N,TSLA,
20190102,10:00:27.764905843,K,303.71,1,304.0,3,R,6305783,0,,N,TSLA,
20190102,10:00:27.765026236,K,303.72,1,304.0,3,R,6305784,0,,N,TSLA,
20190102,10:00:27.765126976,K,303.73,1,304.0,3,R,6305785,0,,N,TSLA,
20190102,10:00:27.765221874,K,303.74,1,304.0,3,R,6305786,0,,N,TSLA,
20190102,10:00:27.765321605,K,303.75,1,304.0,3,R,6305787,0,,N,TSLA,
20190102,10:00:27.765432440,K,303.76,2,304.0,3,R,6305788,0,,N,TSLA,
20190102,10:00:27.792238602,M,0.0,0,0.0,0,R,6305821,0,,N,TSLA,
20190102,10:00:27.813190429,Y,293.03,1,304.05,1,R,6305931,0,,N,TSLA,
20190102,10:00:27.866014950,K,303.76,2,303.98,1,R,6306075,0,,N,TSLA,
20190102,10:00:27.866125234,Y,293.03,1,309.0,1,R,6306078,0,,N,TSLA,
20190102,10:00:27.866129886,Z,303.83,1,304.0,2,R,6306079,0,,N,TSLA,
20190102,10:00:27.866134518,Y,293.03,1,304.04,1,R,6306080,0,,N,TSLA,
20190102,10:00:27.886835996,K,303.76,1,303.98,1,R,6306141,0,,N,TSLA,
20190102,10:00:28.021906042,Y,303.51,1,304.04,1,R,6306378,0,,N,TSLA,
20190102,10:00:28.240219024,Z,303.83,1,304.0,1,R,6306790,0,,N,TSLA,
20190102,10:00:28.268073506,Z,303.78,1,304.0,1,R,6306825,0,,N,TSLA,
20190102,10:00:28.268706372,P,303.75,2,303.97,1,R,6306827,2,,N,TSLA,
20190102,10:00:28.268761359,Z,303.78,1,304.0,2,R,6306828,0,,N,TSLA,
20190102,10:00:28.268831092,Z,303.76,1,304.0,2,R,6306829,0,,N,TSLA,
20190102,10:00:28.268865099,Z,303.76,1,303.99,2,R,6306830,0,,N,TSLA,
20190102,10:00:28.268880681,Q,303.79,1,303.98,1,R,6306831,0,,N,TSLA,
20190102,10:00:28.268917441,Y,303.51,1,304.04,1,R,6306832,0,,N,TSLA,
20190102,10:00:28.268971263,Y,303.51,1,309.0,1,R,6306833,0,,N,TSLA,
20190102,10:00:28.268983164,Y,303.51,1,304.02,1,R,6306834,0,,N,TSLA,
20190102,10:00:28.269388323,C,289.99,1,319.18,1,R,6306835,2,,N,TSLA,
20190102,10:00:28.275622445,M,303.8,1,0.0,0,Y,6306876,2,,N,TSLA,
20190102,10:00:28.312335775,M,0.0,0,0.0,0,R,6306922,2,,N,TSLA,
20190102,10:00:28.357262896,Z,303.76,1,303.99,1,R,6307058,0,,N,TSLA,
20190102,10:00:28.471784147,P,303.75,2,303.97,1,R,6307199,0,,N,TSLA,
20190102,10:00:28.499578440,P,303.75,2,304.0,1,R,6307273,2,,N,TSLA,
20190102,10:00:28.499618384,Y,303.51,1,309.0,1,R,6307275,0,,N,TSLA,
20190102,10:00:28.499791695,Y,303.51,1,309.0,1,R,6307278,0,,N,TSLA,
20190102,10:00:28.500332908,P,303.75,2,304.0,1,R,6307280,0,,N,TSLA,
20190102,10:00:28.786870844,Z,303.77,1,303.99,1,R,6307993,0,,N,TSLA,
20190102,10:00:28.786889754,Y,303.51,1,304.04,1,R,6307994,0,,N,TSLA,
20190102,10:00:28.787038868,Z,303.77,1,304.0,2,R,6308000,0,,N,TSLA,
20190102,10:00:28.787044762,Z,303.77,1,304.0,1,R,6308001,0,,N,TSLA,
20190102,10:00:28.787135783,Y,303.51,1,309.0,1,R,6308007,0,,N,TSLA,
20190102,10:00:28.827552831,Y,303.51,1,304.06,1,R,6308192,0,,N,TSLA,
20190102,10:00:28.857376145,M,0.0,0,303.97,1,Y,6308407,2,,N,TSLA,
20190102,10:00:28.857766513,Y,303.51,1,304.06,1,R,6308412,0,,N,TSLA,
20190102,10:00:28.857786429,P,303.75,2,304.0,1,R,6308414,0,,N,TSLA,
20190102,10:00:28.857862794,Y,303.51,1,309.0,1,R,6308416,0,,N,TSLA,
20190102,10:00:28.857867110,Z,303.77,1,304.0,2,R,6308417,0,,N,TSLA,
20190102,10:00:28.858133573,P,303.75,2,304.0,1,R,6308418,0,,N,TSLA,
20190102,10:00:28.872446248,Y,303.51,1,304.06,1,R,6308450,0,,N,TSLA,
20190102,10:00:28.882851912,Y,303.51,1,303.97,1,R,6308581,0,,N,TSLA,
20190102,10:00:28.882961755,Z,303.77,1,303.99,2,R,6308582,0,,N,TSLA,
20190102,10:00:28.883153407,M,0.0,0,0.0,0,R,6308584,2,,N,TSLA,
20190102,10:00:28.967811436,Z,303.77,1,303.99,1,R,6308709,0,,N,TSLA,
20190102,10:00:28.971969075,M,303.8,1,0.0,0,Y,6308711,2,,N,TSLA,
20190102,10:00:29.007942603,M,0.0,0,0.0,0,R,6308735,2,,N,TSLA,
20190102,10:00:29.055490026,Z,303.77,1,304.0,2,R,6309103,0,,N,TSLA,
20190102,10:00:29.055502513,Z,303.77,1,304.0,1,R,6309105,0,,N,TSLA,
20190102,10:00:29.431792791,Q,303.79,1,303.97,1,R,6311023,0,,N,TSLA,
20190102,10:00:29.431972779,Z,303.77,1,303.97,1,R,6311024,0,,N,TSLA,
20190102,10:00:29.432729117,P,303.75,2,304.0,1,R,6311026,0,,N,TSLA,
20190102,10:00:29.585294318,K,303.76,1,304.0,3,R,6311245,0,,N,TSLA,
20190102,10:00:29.592022466,M,0.0,0,303.96,1,Y,6311268,2,,N,TSLA,
20190102,10:00:29.592407900,Y,303.51,1,303.97,1,R,6311270,0,,N,TSLA,
20190102,10:00:29.592673107,Y,303.51,1,309.0,1,R,6311272,0,,N,TSLA,
20190102,10:00:29.592773185,P,303.75,2,304.0,1,R,6311273,0,,N,TSLA,
20190102,10:00:29.593289158,M,303.8,1,303.96,1,R,6311282,4,,N,TSLA,
20190102,10:00:29.620284222,M,303.8,1,0.0,0,Y,6312011,2,,N,TSLA,
20190102,10:00:29.620663183,Y,303.51,1,309.0,1,R,6312014,0,,N,TSLA,
20190102,10:00:29.620799431,Y,303.51,1,304.1,1,R,6312017,0,,N,TSLA,
20190102,10:00:29.621443137,Q,303.79,1,303.96,1,R,6312027,2,,N,TSLA,
20190102,10:00:29.621539793,M,0.0,0,0.0,0,R,6312028,2,,N,TSLA,
20190102,10:00:29.621822654,Y,303.51,1,304.1,1,R,6312030,0,,N,TSLA,
20190102,10:00:29.778203685,Z,303.9,1,303.97,1,R,6312800,2,,N,TSLA,
20190102,10:00:29.778333251,Z,303.77,1,303.97,1,R,6312802,2,,N,TSLA,
20190102,10:00:29.778340536,Y,303.51,1,309.0,1,R,6312803,0,,N,TSLA,
20190102,10:00:29.778353257,Y,303.51,1,304.08,1,R,6312804,0,,N,TSLA,
20190102,10:00:29.778405831,Z,303.76,1,303.97,1,R,6312805,0,,N,TSLA,
20190102,10:00:29.778428597,Z,303.76,1,303.97,1,R,6312806,0,,N,TSLA,
20190102,10:00:29.778476560,K,303.76,1,304.0,3,R,6312808,0,,N,TSLA,
20190102,10:00:29.778795973,Q,303.79,1,303.97,1,R,6312810,2,,N,TSLA,
20190102,10:00:29.779159750,Y,303.51,1,304.08,1,R,6312811,0,,N,TSLA,
20190102,10:00:29.779359134,Q,303.79,1,303.93,1,R,6312812,4,,N,TSLA,
20190102,10:00:29.779724624,Y,303.51,1,304.08,1,R,6312822,0,,N,TSLA,
20190102,10:00:29.808419312,Z,303.76,1,303.97,1,R,6312948,0,,N,TSLA,
20190102,10:00:29.808439244,K,303.76,1,304.0,3,R,6312949,0,,N,TSLA,
20190102,10:00:29.808521177,Y,303.51,1,309.0,1,R,6312950,0,,N,TSLA,
20190102,10:00:29.808533261,Y,303.51,1,304.02,1,R,6312951,0,,N,TSLA,
20190102,10:00:29.824626761,Q,303.79,1,303.97,1,R,6312967,2,,N,TSLA,
20190102,10:00:29.824989126,Y,303.51,1,304.02,1,R,6312970,0,,N,TSLA,
20190102,10:00:29.825471535,Z,303.77,1,303.97,1,R,6312976,2,,N,TSLA,
20190102,10:00:29.835972935,Y,303.51,1,309.0,1,R,6312993,0,,N,TSLA,
20190102,10:00:29.835982881,K,303.76,1,303.99,2,R,6312994,0,,N,TSLA,
20190102,10:00:29.836409939,Q,303.79,1,303.96,1,R,6312995,4,,N,TSLA,
20190102,10:00:29.836628059,P,303.75,2,304.0,1,R,6312997,0,,N,TSLA,
20190102,10:00:29.836773278,Y,303.51,1,309.0,1,R,6312998,0,,N,TSLA,
20190102,10:00:29.837147124,P,303.75,2,304.0,1,R,6312999,0,,N,TSLA,
20190102,10:00:29.886654343,K,303.76,1,304.0,4,R,6313100,0,,N,TSLA,
20190102,10:00:29.886679237,K,303.76,1,304.0,3,R,6313101,0,,N,TSLA,
20190102,10:00:29.886753767,Y,303.51,1,304.05,1,R,6313102,0,,N,TSLA,
20190102,10:00:30.002843855,V,0.0,0,307.0,1,R,6313249,0,,N,TSLA,
20190102,10:00:30.039450604,P,303.75,2,304.06,1,R,6313435,0,,N,TSLA,
20190102,10:00:30.039513819,Y,303.51,1,309.0,1,R,6313439,0,,N,TSLA,
20190102,10:00:30.039540115,Y,303.67,1,309.0,1,R,6313440,0,,N,TSLA,
20190102,10:00:30.040313869,P,303.75,2,304.06,1,R,6313460,0,,N,TSLA,
20190102,10:00:30.077308009,B,303.79,1,305.08,1,R,6313635,0,,N,TSLA,
20190102,10:00:30.077670365,Y,303.51,1,309.0,1,R,6313637,0,,N,TSLA,
20190102,10:00:30.077681701,Y,303.69,1,309.0,1,R,6313638,0,,N,TSLA,
20190102,10:00:30.099316168,Z,303.77,1,304.0,1,R,6313668,0,,N,TSLA,
20190102,10:00:30.861705556,P,303.75,2,304.06,1,R,6316908,0,,N,TSLA,
20190102,10:00:31.140301678,Y,303.51,1,309.0,1,R,6317354,0,,N,TSLA,
20190102,10:00:31.140314083,Y,303.7,1,309.0,1,R,6317355,0,,N,TSLA,
20190102,10:00:31.274933504,P,303.75,2,303.96,1,R,6317595,0,,N,TSLA,
20190102,10:00:31.275093745,Y,303.51,1,309.0,1,R,6317596,0,,N,TSLA,
20190102,10:00:31.293111896,Y,303.68,1,309.0,1,R,6317600,0,,N,TSLA,
20190102,10:00:31.366138495,M,303.8,1,0.0,0,Y,6317780,2,,N,TSLA,
20190102,10:00:31.369271786,Y,303.69,1,309.0,1,R,6317782,0,,N,TSLA,
20190102,10:00:31.381234956,Q,303.79,1,303.98,1,R,6317786,2,,N,TSLA,
20190102,10:00:31.387990070,M,0.0,0,0.0,0,R,6317787,2,,N,TSLA,
20190102,10:00:31.445726153,Y,303.7,1,309.0,1,R,6317897,0,,N,TSLA,
20190102,10:00:31.497703142,Y,303.71,1,309.0,1,R,6318016,0,,N,TSLA,
20190102,10:00:31.860772108,K,303.76,1,304.0,3,R,6318906,0,,N,TSLA,
20190102,10:00:31.860884734,Y,303.51,1,309.0,1,R,6318907,0,,N,TSLA,
20190102,10:00:31.860943513,K,303.76,1,304.0,3,R,6318908,0,,N,TSLA,
20190102,10:00:31.861057762,Z,303.77,1,304.0,1,R,6318909,0,,N,TSLA,
20190102,10:00:31.861061894,K,303.76,1,304.0,3,R,6318910,0,,N,TSLA,
20190102,10:00:31.891041247,Z,303.77,1,304.0,1,R,6318928,0,,N,TSLA,
20190102,10:00:31.891050343,K,303.76,1,304.0,3,R,6318929,0,,N,TSLA,
20190102,10:00:31.891154188,Y,303.7,1,309.0,1,R,6318930,0,,N,TSLA,
20190102,10:00:32.110332413,M,0.0,0,303.95,1,Y,6319311,2,,N,TSLA,
20190102,10:00:32.110715053,Y,303.7,1,309.0,1,R,6319312,0,,N,TSLA,
20190102,10:00:32.142000260,M,0.0,0,0.0,0,R,6319376,2,,N,TSLA,
20190102,10:00:32.142383952,Y,303.7,1,309.0,1,R,6319377,0,,N,TSLA,
20190102,10:00:32.142782022,Y,303.7,1,303.96,1,R,6319378,0,,N,TSLA,
20190102,10:00:32.142863760,Y,303.51,1,303.96,1,R,6319379,0,,N,TSLA,
20190102,10:00:32.152353523,M,303.8,1,0.0,0,Y,6319383,2,,N,TSLA,
20190102,10:00:32.175273336,M,0.0,0,0.0,0,R,6319391,2,,N,TSLA,
20190102,10:00:32.190019073,Y,303.51,1,309.0,1,R,6319504,0,,N,TSLA,
20190102,10:00:32.190129814,Y,303.7,1,309.0,1,R,6319505,0,,N,TSLA,
20190102,10:00:32.382583696,Q,303.79,1,303.96,1,R,6319788,0,,N,TSLA,
20190102,10:00:32.382911628,Y,303.51,1,309.0,1,R,6319789,0,,N,TSLA,
20190102,10:00:32.416752201,Q,303.79,1,303.98,1,R,6319845,0,,N,TSLA,
20190102,10:00:32.417077217,Y,303.68,1,309.0,1,R,6319847,0,,N,TSLA,
20190102,10:00:32.417170480,Y,303.68,1,309.0,1,R,6319848,0,,N,TSLA,
20190102,10:00:32.417474278,P,303.75,2,303.96,1,R,6319849,0,,N,TSLA,
20190102,10:00:32.417521673,Y,303.68,1,309.0,1,R,6319850,0,,N,TSLA,
20190102,10:00:32.417538705,Z,303.77,1,304.0,1,R,6319851,0,,N,TSLA,
20190102,10:00:32.417544465,Z,303.77,1,304.0,1,R,6319852,0,,N,TSLA,
20190102,10:00:32.417557877,K,303.76,1,304.0,3,R,6319853,0,,N,TSLA,
20190102,10:00:32.417568292,K,303.76,1,304.0,3,R,6319854,0,,N,TSLA,
20190102,10:00:32.417697970,Z,303.77,1,304.0,1,R,6319855,0,,N,TSLA,
20190102,10:00:32.417714130,Z,303.77,1,304.0,1,R,6319856,0,,N,TSLA,
20190102,10:00:32.417727106,K,303.76,1,304.0,3,R,6319857,0,,N,TSLA,
20190102,10:00:32.417736834,K,303.76,1,304.0,3,R,6319858,0,,N,TSLA,
20190102,10:00:32.503899530,Y,303.51,1,309.0,1,R,6320020,0,,N,TSLA,
20190102,10:00:32.503913392,Y,303.72,1,309.0,1,R,6320021,0,,N,TSLA,
20190102,10:00:32.827191714,Q,303.79,1,303.99,2,R,6320843,0,,N,TSLA,
20190102,10:00:32.828776193,M,0.0,0,303.95,1,Y,6320844,2,,N,TSLA,
20190102,10:00:32.829159407,Y,303.72,1,309.0,1,R,6320845,0,,N,TSLA,
20190102,10:00:32.829211785,P,303.75,2,303.96,1,R,6320846,0,,N,TSLA,
20190102,10:00:32.829527794,P,303.75,2,303.96,1,R,6320847,0,,N,TSLA,
20190102,10:00:32.849396909,M,0.0,0,0.0,0,R,6320886,2,,N,TSLA,
20190102,10:00:32.849775181,Y,303.72,1,309.0,1,R,6320889,0,,N,TSLA,
20190102,10:00:33.046293789,M,303.8,1,0.0,0,Y,6321182,2,,N,TSLA,
20190102,10:00:33.047397635,P,303.75,2,303.96,1,R,6321183,0,,N,TSLA,
20190102,10:00:33.089941402,M,0.0,0,0.0,0,R,6321230,2,,N,TSLA,
20190102,10:00:33.117302582,Y,303.73,1,309.0,1,R,6321251,0,,N,TSLA,
20190102,10:00:33.153236974,P,303.75,2,303.96,1,R,6321351,0,,N,TSLA,
20190102,10:00:33.362526749,Y,303.51,1,309.0,1,R,6321665,0,,N,TSLA,
20190102,10:00:33.411637822,Y,303.73,1,309.0,1,R,6321705,0,,N,TSLA,
20190102,10:00:33.793913535,K,303.79,1,304.0,3,R,6322178,0,,N,TSLA,
20190102,10:00:33.794028971,Z,303.77,2,304.0,1,R,6322179,0,,N,TSLA,
20190102,10:00:33.794153086,Y,303.51,1,309.0,1,R,6322181,0,,N,TSLA,
20190102,10:00:33.794164579,Y,303.74,1,309.0,1,R,6322182,0,,N,TSLA,
20190102,10:00:33.794164907,Z,303.78,2,304.0,1,R,6322183,0,,N,TSLA,
20190102,10:00:33.843283811,M,303.8,1,0.0,0,Y,6322302,2,,N,TSLA,
20190102,10:00:33.843637116,Y,303.75,1,309.0,1,R,6322330,0,,N,TSLA,
20190102,10:00:33.844582354,P,303.75,2,303.96,1,R,6322362,0,,N,TSLA,
20190102,10:00:33.845981447,P,303.75,2,303.96,1,R,6322401,0,,N,TSLA,
20190102,10:00:33.869674273,Z,303.78,1,304.0,1,R,6322518,0,,N,TSLA,
20190102,10:00:33.892569379,M,0.0,0,0.0,0,R,6322582,2,,N,TSLA,
20190102,10:00:33.893321312,P,303.75,2,303.96,1,R,6322583,0,,N,TSLA,
20190102,10:00:33.900126553,K,303.8,1,304.0,3,R,6322587,2,,N,TSLA,
20190102,10:00:33.900576401,P,303.75,2,303.96,1,R,6322588,0,,N,TSLA,
20190102,10:00:33.901418024,P,303.75,2,303.96,1,R,6322589,0,,N,TSLA,
20190102,10:00:33.965878957,Y,303.75,1,309.0,1,R,6322667,0,,N,TSLA,
20190102,10:00:34.073517645,P,303.75,2,304.06,1,R,6323451,2,,N,TSLA,
20190102,10:00:34.073557070,Y,303.75,1,309.0,1,R,6323452,0,,N,TSLA,
20190102,10:00:34.073588502,Z,303.78,1,304.0,1,R,6323453,0,,N,TSLA,
20190102,10:00:34.073592920,Y,303.51,1,309.0,1,R,6323454,0,,N,TSLA,
20190102,10:00:34.073605313,Y,303.78,1,309.0,1,R,6323455,0,,N,TSLA,
20190102,10:00:34.073628160,K,303.8,1,304.0,3,R,6323456,0,,N,TSLA,
20190102,10:00:34.073662393,Z,303.78,1,304.0,1,R,6323457,0,,N,TSLA,
20190102,10:00:34.073663108,Y,303.78,1,309.0,1,R,6323458,0,,N,TSLA,
20190102,10:00:34.073667849,Z,303.78,1,304.0,1,R,6323459,0,,N,TSLA,
20190102,10:00:34.073676989,Y,303.78,1,309.0,1,R,6323460,0,,N,TSLA,
20190102,10:00:34.073694974,K,303.8,1,304.0,3,R,6323461,0,,N,TSLA,
20190102,10:00:34.073734180,Z,303.79,1,304.0,1,R,6323462,0,,N,TSLA,
20190102,10:00:34.073744670,K,303.8,1,304.0,3,R,6323463,0,,N,TSLA,
20190102,10:00:34.073764280,Z,303.8,1,304.0,1,R,6323464,0,,N,TSLA,
20190102,10:00:34.073797875,K,303.8,2,304.0,3,R,6323465,2,,N,TSLA,
20190102,10:00:34.073821897,Z,303.81,1,304.0,1,R,6323466,2,,N,TSLA,
20190102,10:00:34.073858461,K,303.81,1,304.0,3,R,6323467,0,,N,TSLA,
20190102,10:00:34.073965712,Z,303.82,1,304.0,1,R,6323468,2,,N,TSLA,
20190102,10:00:34.073990046,K,303.82,1,304.0,3,R,6323470,0,,N,TSLA,
20190102,10:00:34.074270434,P,303.75,2,304.06,1,R,6323471,0,,N,TSLA,
20190102,10:00:34.075533379,P,303.75,2,304.06,1,R,6323475,0,,N,TSLA,
20190102,10:00:34.095910560,Q,303.79,1,303.99,1,R,6323644,2,,N,TSLA,
20190102,10:00:34.096270705,Z,303.83,1,304.0,1,R,6323652,2,,N,TSLA,
20190102,10:00:34.096275719,K,303.83,1,304.0,3,R,6323653,0,,N,TSLA,
20190102,10:00:34.096708130,P,303.75,2,304.06,1,R,6323657,0,,N,TSLA,
20190102,10:00:34.097586857,P,303.75,2,304.06,1,R,6323659,0,,N,TSLA,
20190102,10:00:34.103568192,Z,303.83,1,304.0,1,R,6323679,0,,N,TSLA,
20190102,10:00:34.103572074,K,303.83,1,304.0,3,R,6323680,0,,N,TSLA,
20190102,10:00:34.103641569,Y,303.81,1,309.0,1,R,6323682,0,,N,TSLA,
20190102,10:00:34.103656277,Z,303.82,1,304.0,1,R,6323683,2,,N,TSLA,
20190102,10:00:34.103667074,K,303.82,1,304.0,3,R,6323684,2,,N,TSLA,
20190102,10:00:34.103759243,K,303.81,1,304.0,3,R,6323685,0,,N,TSLA,
20190102,10:00:34.103760518,Z,303.81,1,304.0,1,R,6323686,2,,N,TSLA,
20190102,10:00:34.103778269,Y,303.51,1,309.0,1,R,6323687,2,,N,TSLA,
20190102,10:00:34.103839721,Z,303.79,1,304.0,1,R,6323690,0,,N,TSLA,
20190102,10:00:34.103852480,K,303.8,1,304.0,3,R,6323691,2,,N,TSLA,
20190102,10:00:34.103869206,Z,303.8,1,304.0,1,R,6323693,0,,N,TSLA,
20190102,10:00:34.103892048,K,303.8,2,304.0,3,R,6323695,2,,N,TSLA,
20190102,10:00:34.103931324,Z,303.79,1,304.0,1,R,6323696,0,,N,TSLA,
20190102,10:00:34.103970173,Z,303.8,2,304.0,1,R,6323697,0,,N,TSLA,
20190102,10:00:34.104202047,P,303.75,2,304.06,1,R,6323698,0,,N,TSLA,
20190102,10:00:34.105454158,P,303.75,2,304.06,1,R,6323701,0,,N,TSLA,
20190102,10:00:34.107849773,Y,303.51,1,309.0,1,R,6323703,0,,N,TSLA,
20190102,10:00:34.173010311,Y,303.79,1,309.0,1,R,6323909,0,,N,TSLA,
20190102,10:00:34.173401694,V,303.8,1,307.0,1,R,6323910,0,,N,TSLA,
20190102,10:00:34.191355386,M,0.0,0,303.98,1,Y,6323974,2,,N,TSLA,
20190102,10:00:34.211669330,P,303.75,2,303.99,1,R,6324002,0,,N,TSLA,
20190102,10:00:34.211702108,Y,303.51,1,309.0,1,R,6324003,0,,N,TSLA,
20190102,10:00:34.235395314,M,0.0,0,0.0,0,R,6324094,2,,N,TSLA,
20190102,10:00:34.246642358,Y,303.75,1,309.0,1,R,6324106,0,,N,TSLA,
20190102,10:00:34.247052587,V,303.79,1,307.0,1,R,6324107,0,,N,TSLA,
20190102,10:00:34.252349275,Z,303.8,1,304.0,1,R,6324116,0,,N,TSLA,
20190102,10:00:34.313992627,B,302.71,1,305.08,1,R,6324142,0,,N,TSLA,
20190102,10:00:34.362386474,M,303.81,1,0.0,0,Y,6324214,2,,N,TSLA,
20190102,10:00:34.363139309,P,303.75,2,303.99,1,R,6324218,0,,N,TSLA,
20190102,10:00:34.409772442,M,0.0,0,0.0,0,R,6324233,2,,N,TSLA,
20190102,10:00:34.410528287,P,303.75,2,303.99,1,R,6324234,0,,N,TSLA,
20190102,10:00:34.686078456,P,303.75,2,304.06,1,R,6324697,0,,N,TSLA,
20190102,10:00:34.686132553,Y,303.51,1,309.0,1,R,6324698,0,,N,TSLA,
20190102,10:00:34.686139441,Y,303.76,1,309.0,1,R,6324699,0,,N,TSLA,
20190102,10:00:34.756164160,K,303.8,1,304.0,3,R,6324780,2,,N,TSLA,
20190102,10:00:34.756254732,Z,303.79,1,304.0,1,R,6324781,0,,N,TSLA,
20190102,10:00:34.756323182,M,0.0,0,303.98,1,Y,6324782,2,,N,TSLA,
20190102,10:00:34.756670321,V,0.0,0,307.0,1,R,6324783,0,,N,TSLA,
20190102,10:00:34.789260264,M,0.0,0,0.0,0,R,6324840,2,,N,TSLA,
20190102,10:00:34.792233418,P,303.75,2,303.99,1,R,6324841,0,,N,TSLA,
20190102,10:00:34.792272103,Y,303.51,1,309.0,1,R,6324842,0,,N,TSLA,
20190102,10:00:34.902461219,M,303.81,1,0.0,0,Y,6325211,2,,N,TSLA,
20190102,10:00:34.903211091,P,303.75,2,303.99,1,R,6325215,0,,N,TSLA,
20190102,10:00:34.922411775,Y,303.74,1,309.0,1,R,6325231,0,,N,TSLA,
20190102,10:00:34.922845958,V,303.8,1,307.0,1,R,6325232,0,,N,TSLA,
20190102,10:00:34.932548878,P,303.75,2,304.06,1,R,6325251,0,,N,TSLA,
20190102,10:00:34.951045048,M,0.0,0,0.0,0,R,6325284,2,,N,TSLA,
20190102,10:00:34.951794813,P,303.75,2,304.06,1,R,6325288,0,,N,TSLA,
20190102,10:00:35.039422148,Y,303.75,1,309.0,1,R,6325477,0,,N,TSLA,
20190102,10:00:35.039506762,Z,303.78,1,304.0,1,R,6325484,0,,N,TSLA,
20190102,10:00:35.039588569,Z,303.77,1,304.0,1,R,6325493,0,,N,TSLA,
20190102,10:00:35.039840385,V,303.79,1,307.0,1,R,6325510,0,,N,TSLA,
20190102,10:00:35.662398672,V,0.0,0,307.0,1,R,6326588,0,,N,TSLA,
20190102,10:00:35.793978067,M,303.81,1,0.0,0,Y,6327200,2,,N,TSLA,
20190102,10:00:35.794730409,P,303.75,2,304.06,1,R,6327201,0,,N,TSLA,
20190102,10:00:35.818386762,M,0.0,0,0.0,0,R,6327670,2,,N,TSLA,
20190102,10:00:35.819136236,P,303.75,2,304.06,1,R,6327679,0,,N,TSLA,
20190102,10:00:35.852486642,P,303.75,2,304.06,1,R,6327790,0,,N,TSLA,
20190102,10:00:36.114073820,K,303.8,1,304.0,3,R,6328298,0,,N,TSLA,
20190102,10:00:36.114212903,Y,303.51,1,309.0,1,R,6328299,0,,N,TSLA,
20190102,10:00:36.114305829,Z,303.77,2,304.0,1,R,6328300,0,,N,TSLA,
20190102,10:00:36.114414797,Z,303.78,2,304.0,1,R,6328301,0,,N,TSLA,
20190102,10:00:36.119237240,K,303.8,1,304.0,3,R,6328313,0,,N,TSLA,
20190102,10:00:36.119348242,Z,303.78,2,304.0,1,R,6328314,0,,N,TSLA,
20190102,10:00:36.119367058,Y,303.72,1,309.0,1,R,6328315,0,,N,TSLA,
20190102,10:00:36.119372616,K,303.8,1,304.0,3,R,6328316,0,,N,TSLA,
20190102,10:00:36.119428139,Z,303.77,2,304.0,1,R,6328317,0,,N,TSLA,
20190102,10:00:36.119443857,Z,303.77,1,304.0,1,R,6328318,0,,N,TSLA,
20190102,10:00:36.119514786,M,0.0,0,303.98,1,Y,6328319,2,,N,TSLA,
20190102,10:00:36.119574131,Y,303.51,1,309.0,1,R,6328320,0,,N,TSLA,
20190102,10:00:36.119720284,Z,303.76,1,304.0,1,R,6328321,0,,N,TSLA,
20190102,10:00:36.119954442,P,303.75,2,304.06,1,R,6328322,0,,N,TSLA,
20190102,10:00:36.120263583,P,303.75,2,304.06,1,R,6328323,0,,N,TSLA,
20190102,10:00:36.149342471,Z,303.76,1,304.0,1,R,6328386,0,,N,TSLA,
20190102,10:00:36.149359968,K,303.8,1,304.0,3,R,6328387,0,,N,TSLA,
20190102,10:00:36.149448630,Y,303.71,1,309.0,1,R,6328388,0,,N,TSLA,
20190102,10:00:36.158466055,M,0.0,0,0.0,0,R,6328396,2,,N,TSLA,
20190102,10:00:36.181719102,K,303.8,1,304.0,3,R,6328516,0,,N,TSLA,
20190102,10:00:36.191608459,Y,303.51,1,309.0,1,R,6328588,0,,N,TSLA,
20190102,10:00:36.191621973,Y,303.72,1,309.0,1,R,6328589,0,,N,TSLA,
20190102,10:00:36.204016948,Z,303.76,1,303.99,1,R,6328613,0,,N,TSLA,
